%YAML 1.1
%TAG !u! tag:unity3d.com,2011:
--- !u!29 &1
OcclusionCullingSettings:
  m_ObjectHideFlags: 0
  serializedVersion: 2
  m_OcclusionBakeSettings:
    smallestOccluder: 5
    smallestHole: 0.25
    backfaceThreshold: 100
  m_SceneGUID: 00000000000000000000000000000000
  m_OcclusionCullingData: {fileID: 0}
--- !u!104 &2
RenderSettings:
  m_ObjectHideFlags: 0
  serializedVersion: 9
  m_Fog: 0
  m_FogColor: {r: 0.5, g: 0.5, b: 0.5, a: 1}
  m_FogMode: 3
  m_FogDensity: 0.01
  m_LinearFogStart: 0
  m_LinearFogEnd: 300
  m_AmbientSkyColor: {r: 0.212, g: 0.227, b: 0.259, a: 1}
  m_AmbientEquatorColor: {r: 0.114, g: 0.125, b: 0.133, a: 1}
  m_AmbientGroundColor: {r: 0.047, g: 0.043, b: 0.035, a: 1}
  m_AmbientIntensity: 1
  m_AmbientMode: 0
  m_SubtractiveShadowColor: {r: 0.42, g: 0.478, b: 0.627, a: 1}
  m_SkyboxMaterial: {fileID: 10304, guid: 0000000000000000f000000000000000, type: 0}
  m_HaloStrength: 0.5
  m_FlareStrength: 1
  m_FlareFadeSpeed: 3
  m_HaloTexture: {fileID: 0}
  m_SpotCookie: {fileID: 10001, guid: 0000000000000000e000000000000000, type: 0}
  m_DefaultReflectionMode: 0
  m_DefaultReflectionResolution: 128
  m_ReflectionBounces: 1
  m_ReflectionIntensity: 1
  m_CustomReflection: {fileID: 0}
  m_Sun: {fileID: 0}
  m_IndirectSpecularColor: {r: 0.44657874, g: 0.49641258, b: 0.5748172, a: 1}
  m_UseRadianceAmbientProbe: 0
--- !u!157 &3
LightmapSettings:
  m_ObjectHideFlags: 0
  serializedVersion: 11
  m_GIWorkflowMode: 1
  m_GISettings:
    serializedVersion: 2
    m_BounceScale: 1
    m_IndirectOutputScale: 1
    m_AlbedoBoost: 1
    m_TemporalCoherenceThreshold: 1
    m_EnvironmentLightingMode: 0
    m_EnableBakedLightmaps: 1
    m_EnableRealtimeLightmaps: 0
  m_LightmapEditorSettings:
    serializedVersion: 10
    m_Resolution: 2
    m_BakeResolution: 10
    m_AtlasSize: 512
    m_AO: 0
    m_AOMaxDistance: 1
    m_CompAOExponent: 1
    m_CompAOExponentDirect: 0
    m_Padding: 2
    m_LightmapParameters: {fileID: 0}
    m_LightmapsBakeMode: 1
    m_TextureCompression: 1
    m_FinalGather: 0
    m_FinalGatherFiltering: 1
    m_FinalGatherRayCount: 256
    m_ReflectionCompression: 2
    m_MixedBakeMode: 2
    m_BakeBackend: 1
    m_PVRSampling: 1
    m_PVRDirectSampleCount: 32
    m_PVRSampleCount: 256
    m_PVRBounces: 2
    m_PVRFilterTypeDirect: 0
    m_PVRFilterTypeIndirect: 0
    m_PVRFilterTypeAO: 0
    m_PVRFilteringMode: 1
    m_PVRCulling: 1
    m_PVRFilteringGaussRadiusDirect: 1
    m_PVRFilteringGaussRadiusIndirect: 5
    m_PVRFilteringGaussRadiusAO: 2
    m_PVRFilteringAtrousPositionSigmaDirect: 0.5
    m_PVRFilteringAtrousPositionSigmaIndirect: 2
    m_PVRFilteringAtrousPositionSigmaAO: 1
    m_ShowResolutionOverlay: 1
  m_LightingDataAsset: {fileID: 112000002, guid: 5d0367f0a3571914b8a56870b9d85a71,
    type: 2}
  m_UseShadowmask: 1
--- !u!196 &4
NavMeshSettings:
  serializedVersion: 2
  m_ObjectHideFlags: 0
  m_BuildSettings:
    serializedVersion: 2
    agentTypeID: 0
    agentRadius: 0.5
    agentHeight: 2
    agentSlope: 45
    agentClimb: 0.4
    ledgeDropHeight: 0
    maxJumpAcrossDistance: 0
    minRegionArea: 2
    manualCellSize: 0
    cellSize: 0.16666667
    manualTileSize: 0
    tileSize: 256
    accuratePlacement: 0
    debug:
      m_Flags: 0
  m_NavMeshData: {fileID: 0}
--- !u!1 &16153058
GameObject:
  m_ObjectHideFlags: 0
  m_CorrespondingSourceObject: {fileID: 1973140641059316, guid: 043bcd8ddf984c047899d887e504f30e,
    type: 2}
  m_PrefabInternal: {fileID: 0}
  serializedVersion: 6
  m_Component:
  - component: {fileID: 16153059}
  - component: {fileID: 16153062}
  - component: {fileID: 16153061}
  - component: {fileID: 16153060}
  m_Layer: 0
  m_Name: Cube
  m_TagString: Untagged
  m_Icon: {fileID: 0}
  m_NavMeshLayer: 0
  m_StaticEditorFlags: 0
  m_IsActive: 1
--- !u!4 &16153059
Transform:
  m_ObjectHideFlags: 0
  m_CorrespondingSourceObject: {fileID: 4951885627867918, guid: 043bcd8ddf984c047899d887e504f30e,
    type: 2}
  m_PrefabInternal: {fileID: 0}
  m_GameObject: {fileID: 16153058}
  m_LocalRotation: {x: -0, y: -0, z: -0, w: 1}
  m_LocalPosition: {x: 0, y: 0, z: 0.94}
  m_LocalScale: {x: 1.2271, y: 1.2271, z: 2.4128468}
  m_Children: []
  m_Father: {fileID: 1612648724}
  m_RootOrder: 0
  m_LocalEulerAnglesHint: {x: 0, y: 0, z: 0}
--- !u!65 &16153060
BoxCollider:
  m_ObjectHideFlags: 0
  m_CorrespondingSourceObject: {fileID: 65648682172102082, guid: 043bcd8ddf984c047899d887e504f30e,
    type: 2}
  m_PrefabInternal: {fileID: 0}
  m_GameObject: {fileID: 16153058}
  m_Material: {fileID: 0}
  m_IsTrigger: 0
  m_Enabled: 0
  serializedVersion: 2
  m_Size: {x: 1, y: 1, z: 1}
  m_Center: {x: 0, y: 0, z: 0}
--- !u!23 &16153061
MeshRenderer:
  m_ObjectHideFlags: 0
  m_CorrespondingSourceObject: {fileID: 23321299806548632, guid: 043bcd8ddf984c047899d887e504f30e,
    type: 2}
  m_PrefabInternal: {fileID: 0}
  m_GameObject: {fileID: 16153058}
  m_Enabled: 1
  m_CastShadows: 1
  m_ReceiveShadows: 1
  m_DynamicOccludee: 1
  m_MotionVectors: 1
  m_LightProbeUsage: 1
  m_ReflectionProbeUsage: 1
  m_RenderingLayerMask: 4294967295
  m_Materials:
  - {fileID: 2100000, guid: d67e6a4fc4dff1a4d8e30cec9e4d91fd, type: 2}
  m_StaticBatchInfo:
    firstSubMesh: 0
    subMeshCount: 0
  m_StaticBatchRoot: {fileID: 0}
  m_ProbeAnchor: {fileID: 0}
  m_LightProbeVolumeOverride: {fileID: 0}
  m_ScaleInLightmap: 1
  m_PreserveUVs: 0
  m_IgnoreNormalsForChartDetection: 0
  m_ImportantGI: 0
  m_StitchLightmapSeams: 0
  m_SelectedEditorRenderState: 3
  m_MinimumChartSize: 4
  m_AutoUVMaxDistance: 0.5
  m_AutoUVMaxAngle: 89
  m_LightmapParameters: {fileID: 0}
  m_SortingLayerID: 0
  m_SortingLayer: 0
  m_SortingOrder: 0
--- !u!33 &16153062
MeshFilter:
  m_ObjectHideFlags: 0
  m_CorrespondingSourceObject: {fileID: 33992316298509112, guid: 043bcd8ddf984c047899d887e504f30e,
    type: 2}
  m_PrefabInternal: {fileID: 0}
  m_GameObject: {fileID: 16153058}
  m_Mesh: {fileID: 10202, guid: 0000000000000000e000000000000000, type: 0}
--- !u!1 &21444882
GameObject:
  m_ObjectHideFlags: 0
  m_CorrespondingSourceObject: {fileID: 1701458968564004, guid: 043bcd8ddf984c047899d887e504f30e,
    type: 2}
  m_PrefabInternal: {fileID: 0}
  serializedVersion: 6
  m_Component:
  - component: {fileID: 21444883}
  m_Layer: 0
  m_Name: Control pedal1 (2)
  m_TagString: Untagged
  m_Icon: {fileID: 0}
  m_NavMeshLayer: 0
  m_StaticEditorFlags: 0
  m_IsActive: 1
--- !u!4 &21444883
Transform:
  m_ObjectHideFlags: 0
  m_CorrespondingSourceObject: {fileID: 4496509151704100, guid: 043bcd8ddf984c047899d887e504f30e,
    type: 2}
  m_PrefabInternal: {fileID: 0}
  m_GameObject: {fileID: 21444882}
  m_LocalRotation: {x: -0, y: -0, z: -0, w: 1}
  m_LocalPosition: {x: -1000, y: -4.22, z: 0}
  m_LocalScale: {x: 1, y: 1, z: 1}
  m_Children:
  - {fileID: 951424093}
  m_Father: {fileID: 1382065292}
  m_RootOrder: 2
  m_LocalEulerAnglesHint: {x: 0, y: 0, z: 0}
--- !u!1001 &160861646
Prefab:
  m_ObjectHideFlags: 0
  serializedVersion: 2
  m_Modification:
    m_TransformParent: {fileID: 0}
    m_Modifications:
    - target: {fileID: 4365618244171452, guid: a096bab53d86eb54491c4586160889eb, type: 2}
      propertyPath: m_LocalPosition.x
      value: -4.93
      objectReference: {fileID: 0}
    - target: {fileID: 4365618244171452, guid: a096bab53d86eb54491c4586160889eb, type: 2}
      propertyPath: m_LocalPosition.y
      value: 9.96
      objectReference: {fileID: 0}
    - target: {fileID: 4365618244171452, guid: a096bab53d86eb54491c4586160889eb, type: 2}
      propertyPath: m_LocalPosition.z
      value: 0
      objectReference: {fileID: 0}
    - target: {fileID: 4365618244171452, guid: a096bab53d86eb54491c4586160889eb, type: 2}
      propertyPath: m_LocalRotation.x
      value: 1
      objectReference: {fileID: 0}
    - target: {fileID: 4365618244171452, guid: a096bab53d86eb54491c4586160889eb, type: 2}
      propertyPath: m_LocalRotation.y
      value: -0
      objectReference: {fileID: 0}
    - target: {fileID: 4365618244171452, guid: a096bab53d86eb54491c4586160889eb, type: 2}
      propertyPath: m_LocalRotation.z
      value: -0
      objectReference: {fileID: 0}
    - target: {fileID: 4365618244171452, guid: a096bab53d86eb54491c4586160889eb, type: 2}
      propertyPath: m_LocalRotation.w
      value: 0
      objectReference: {fileID: 0}
    - target: {fileID: 4365618244171452, guid: a096bab53d86eb54491c4586160889eb, type: 2}
      propertyPath: m_RootOrder
      value: 1
      objectReference: {fileID: 0}
    m_RemovedComponents: []
  m_SourcePrefab: {fileID: 100100000, guid: a096bab53d86eb54491c4586160889eb, type: 2}
  m_IsPrefabAsset: 0
--- !u!1 &170076733
GameObject:
  m_ObjectHideFlags: 0
  m_CorrespondingSourceObject: {fileID: 0}
  m_PrefabInternal: {fileID: 0}
  serializedVersion: 6
  m_Component:
  - component: {fileID: 170076735}
  - component: {fileID: 170076734}
  m_Layer: 0
  m_Name: Directional Light
  m_TagString: Untagged
  m_Icon: {fileID: 0}
  m_NavMeshLayer: 0
  m_StaticEditorFlags: 0
  m_IsActive: 1
--- !u!108 &170076734
Light:
  m_ObjectHideFlags: 0
  m_CorrespondingSourceObject: {fileID: 0}
  m_PrefabInternal: {fileID: 0}
  m_GameObject: {fileID: 170076733}
  m_Enabled: 1
  serializedVersion: 8
  m_Type: 1
  m_Color: {r: 1, g: 0.95686275, b: 0.8392157, a: 1}
  m_Intensity: 1
  m_Range: 10
  m_SpotAngle: 30
  m_CookieSize: 10
  m_Shadows:
    m_Type: 2
    m_Resolution: -1
    m_CustomResolution: -1
    m_Strength: 1
    m_Bias: 0.05
    m_NormalBias: 0.4
    m_NearPlane: 0.2
  m_Cookie: {fileID: 0}
  m_DrawHalo: 0
  m_Flare: {fileID: 0}
  m_RenderMode: 0
  m_CullingMask:
    serializedVersion: 2
    m_Bits: 4294967295
  m_Lightmapping: 1
  m_LightShadowCasterMode: 0
  m_AreaSize: {x: 1, y: 1}
  m_BounceIntensity: 1
  m_ColorTemperature: 6570
  m_UseColorTemperature: 0
  m_ShadowRadius: 0
  m_ShadowAngle: 0
--- !u!4 &170076735
Transform:
  m_ObjectHideFlags: 0
  m_CorrespondingSourceObject: {fileID: 0}
  m_PrefabInternal: {fileID: 0}
  m_GameObject: {fileID: 170076733}
  m_LocalRotation: {x: 0.40821788, y: -0.23456968, z: 0.10938163, w: 0.8754261}
  m_LocalPosition: {x: 0, y: 3, z: 0}
  m_LocalScale: {x: 1, y: 1, z: 1}
  m_Children: []
  m_Father: {fileID: 0}
  m_RootOrder: 2
  m_LocalEulerAnglesHint: {x: 50, y: -30, z: 0}
--- !u!1 &210155945
GameObject:
  m_ObjectHideFlags: 0
  m_CorrespondingSourceObject: {fileID: 1013970258848738, guid: 043bcd8ddf984c047899d887e504f30e,
    type: 2}
  m_PrefabInternal: {fileID: 0}
  serializedVersion: 6
  m_Component:
  - component: {fileID: 210155946}
  - component: {fileID: 210155948}
  - component: {fileID: 210155947}
  m_Layer: 0
  m_Name: pCylinder5
  m_TagString: Untagged
  m_Icon: {fileID: 0}
  m_NavMeshLayer: 0
  m_StaticEditorFlags: 0
  m_IsActive: 1
--- !u!4 &210155946
Transform:
  m_ObjectHideFlags: 0
  m_CorrespondingSourceObject: {fileID: 4733196027132218, guid: 043bcd8ddf984c047899d887e504f30e,
    type: 2}
  m_PrefabInternal: {fileID: 0}
  m_GameObject: {fileID: 210155945}
  m_LocalRotation: {x: -0, y: -0, z: -0, w: 1}
  m_LocalPosition: {x: 4.5, y: -3.23, z: 0}
  m_LocalScale: {x: 1, y: 1, z: 1}
  m_Children: []
  m_Father: {fileID: 1532235801}
  m_RootOrder: 0
  m_LocalEulerAnglesHint: {x: 0, y: 0, z: 0}
--- !u!23 &210155947
MeshRenderer:
  m_ObjectHideFlags: 0
  m_CorrespondingSourceObject: {fileID: 23408639841522912, guid: 043bcd8ddf984c047899d887e504f30e,
    type: 2}
  m_PrefabInternal: {fileID: 0}
  m_GameObject: {fileID: 210155945}
  m_Enabled: 1
  m_CastShadows: 1
  m_ReceiveShadows: 1
  m_DynamicOccludee: 1
  m_MotionVectors: 1
  m_LightProbeUsage: 1
  m_ReflectionProbeUsage: 1
  m_RenderingLayerMask: 4294967295
  m_Materials:
  - {fileID: 2100000, guid: dc5dad697e47e514790f5f78bdd86959, type: 2}
  m_StaticBatchInfo:
    firstSubMesh: 0
    subMeshCount: 0
  m_StaticBatchRoot: {fileID: 0}
  m_ProbeAnchor: {fileID: 0}
  m_LightProbeVolumeOverride: {fileID: 0}
  m_ScaleInLightmap: 1
  m_PreserveUVs: 0
  m_IgnoreNormalsForChartDetection: 0
  m_ImportantGI: 0
  m_StitchLightmapSeams: 0
  m_SelectedEditorRenderState: 3
  m_MinimumChartSize: 4
  m_AutoUVMaxDistance: 0.5
  m_AutoUVMaxAngle: 89
  m_LightmapParameters: {fileID: 0}
  m_SortingLayerID: 0
  m_SortingLayer: 0
  m_SortingOrder: 0
--- !u!33 &210155948
MeshFilter:
  m_ObjectHideFlags: 0
  m_CorrespondingSourceObject: {fileID: 33662429458576422, guid: 043bcd8ddf984c047899d887e504f30e,
    type: 2}
  m_PrefabInternal: {fileID: 0}
  m_GameObject: {fileID: 210155945}
  m_Mesh: {fileID: 4300000, guid: fc1eaa9e85d73cc4fb108166bcfb7160, type: 3}
--- !u!1 &326417133
GameObject:
  m_ObjectHideFlags: 0
  m_CorrespondingSourceObject: {fileID: 1965075853912970, guid: 043bcd8ddf984c047899d887e504f30e,
    type: 2}
  m_PrefabInternal: {fileID: 0}
  serializedVersion: 6
  m_Component:
  - component: {fileID: 326417134}
  - component: {fileID: 326417136}
  - component: {fileID: 326417135}
  m_Layer: 0
  m_Name: falldetector1
  m_TagString: Untagged
  m_Icon: {fileID: 0}
  m_NavMeshLayer: 0
  m_StaticEditorFlags: 0
  m_IsActive: 1
--- !u!4 &326417134
Transform:
  m_ObjectHideFlags: 0
  m_CorrespondingSourceObject: {fileID: 4487598736433356, guid: 043bcd8ddf984c047899d887e504f30e,
    type: 2}
  m_PrefabInternal: {fileID: 0}
  m_GameObject: {fileID: 326417133}
  m_LocalRotation: {x: -0, y: -0, z: -0, w: 1}
  m_LocalPosition: {x: 3.77, y: 17.92, z: 0}
  m_LocalScale: {x: 60, y: 1, z: 40}
  m_Children: []
  m_Father: {fileID: 1371840006}
  m_RootOrder: 1
  m_LocalEulerAnglesHint: {x: 0, y: 0, z: 0}
--- !u!114 &326417135
MonoBehaviour:
  m_ObjectHideFlags: 0
  m_CorrespondingSourceObject: {fileID: 114255551970809142, guid: 043bcd8ddf984c047899d887e504f30e,
    type: 2}
  m_PrefabInternal: {fileID: 0}
  m_GameObject: {fileID: 326417133}
  m_Enabled: 1
  m_EditorHideFlags: 0
  m_Script: {fileID: 11500000, guid: 4e2a061606d56ac489cb29f10f2c368e, type: 3}
  m_Name: 
  m_EditorClassIdentifier: 
--- !u!65 &326417136
BoxCollider:
  m_ObjectHideFlags: 0
  m_CorrespondingSourceObject: {fileID: 65242192785180068, guid: 043bcd8ddf984c047899d887e504f30e,
    type: 2}
  m_PrefabInternal: {fileID: 0}
  m_GameObject: {fileID: 326417133}
  m_Material: {fileID: 0}
  m_IsTrigger: 0
  m_Enabled: 1
  serializedVersion: 2
  m_Size: {x: 1, y: 1, z: 1}
  m_Center: {x: 0, y: 0, z: 0}
--- !u!1001 &334373606
Prefab:
  m_ObjectHideFlags: 0
  serializedVersion: 2
  m_Modification:
    m_TransformParent: {fileID: 0}
    m_Modifications:
    - target: {fileID: 4820434976147268, guid: f2e12d02cb8aae2418f1bdc1ffd65419, type: 2}
      propertyPath: m_LocalPosition.x
      value: -1000
      objectReference: {fileID: 0}
    - target: {fileID: 4820434976147268, guid: f2e12d02cb8aae2418f1bdc1ffd65419, type: 2}
      propertyPath: m_LocalPosition.y
      value: 0
      objectReference: {fileID: 0}
    - target: {fileID: 4820434976147268, guid: f2e12d02cb8aae2418f1bdc1ffd65419, type: 2}
      propertyPath: m_LocalPosition.z
      value: -20
      objectReference: {fileID: 0}
    - target: {fileID: 4820434976147268, guid: f2e12d02cb8aae2418f1bdc1ffd65419, type: 2}
      propertyPath: m_LocalRotation.x
      value: -0
      objectReference: {fileID: 0}
    - target: {fileID: 4820434976147268, guid: f2e12d02cb8aae2418f1bdc1ffd65419, type: 2}
      propertyPath: m_LocalRotation.y
      value: -0
      objectReference: {fileID: 0}
    - target: {fileID: 4820434976147268, guid: f2e12d02cb8aae2418f1bdc1ffd65419, type: 2}
      propertyPath: m_LocalRotation.z
      value: -0
      objectReference: {fileID: 0}
    - target: {fileID: 4820434976147268, guid: f2e12d02cb8aae2418f1bdc1ffd65419, type: 2}
      propertyPath: m_LocalRotation.w
      value: 1
      objectReference: {fileID: 0}
    - target: {fileID: 4820434976147268, guid: f2e12d02cb8aae2418f1bdc1ffd65419, type: 2}
      propertyPath: m_RootOrder
      value: 6
      objectReference: {fileID: 0}
    m_RemovedComponents: []
  m_SourcePrefab: {fileID: 100100000, guid: f2e12d02cb8aae2418f1bdc1ffd65419, type: 2}
  m_IsPrefabAsset: 0
--- !u!1 &414347959
GameObject:
  m_ObjectHideFlags: 0
  m_CorrespondingSourceObject: {fileID: 1701458968564004, guid: 043bcd8ddf984c047899d887e504f30e,
    type: 2}
  m_PrefabInternal: {fileID: 0}
  serializedVersion: 6
  m_Component:
  - component: {fileID: 414347960}
  m_Layer: 0
  m_Name: Control pedal1
  m_TagString: Untagged
  m_Icon: {fileID: 0}
  m_NavMeshLayer: 0
  m_StaticEditorFlags: 0
  m_IsActive: 1
--- !u!4 &414347960
Transform:
  m_ObjectHideFlags: 0
  m_CorrespondingSourceObject: {fileID: 4496509151704100, guid: 043bcd8ddf984c047899d887e504f30e,
    type: 2}
  m_PrefabInternal: {fileID: 0}
  m_GameObject: {fileID: 414347959}
  m_LocalRotation: {x: -0, y: -0, z: -0, w: 1}
  m_LocalPosition: {x: -1000, y: 3.59, z: 0}
  m_LocalScale: {x: 1, y: 1, z: 1}
  m_Children:
  - {fileID: 1612648724}
  m_Father: {fileID: 1382065292}
  m_RootOrder: 0
  m_LocalEulerAnglesHint: {x: 0, y: 0, z: 0}
--- !u!1 &590018135
GameObject:
  m_ObjectHideFlags: 0
  m_CorrespondingSourceObject: {fileID: 1013970258848738, guid: 043bcd8ddf984c047899d887e504f30e,
    type: 2}
  m_PrefabInternal: {fileID: 0}
  serializedVersion: 6
  m_Component:
  - component: {fileID: 590018136}
  - component: {fileID: 590018138}
  - component: {fileID: 590018137}
  m_Layer: 0
  m_Name: pCylinder5
  m_TagString: Untagged
  m_Icon: {fileID: 0}
  m_NavMeshLayer: 0
  m_StaticEditorFlags: 0
  m_IsActive: 1
--- !u!4 &590018136
Transform:
  m_ObjectHideFlags: 0
  m_CorrespondingSourceObject: {fileID: 4733196027132218, guid: 043bcd8ddf984c047899d887e504f30e,
    type: 2}
  m_PrefabInternal: {fileID: 0}
  m_GameObject: {fileID: 590018135}
  m_LocalRotation: {x: -0, y: -0, z: -0, w: 1}
  m_LocalPosition: {x: 4.5, y: -3.23, z: 0}
  m_LocalScale: {x: 1, y: 1, z: 1}
  m_Children: []
  m_Father: {fileID: 2040635006}
  m_RootOrder: 0
  m_LocalEulerAnglesHint: {x: 0, y: 0, z: 0}
--- !u!23 &590018137
MeshRenderer:
  m_ObjectHideFlags: 0
  m_CorrespondingSourceObject: {fileID: 23408639841522912, guid: 043bcd8ddf984c047899d887e504f30e,
    type: 2}
  m_PrefabInternal: {fileID: 0}
  m_GameObject: {fileID: 590018135}
  m_Enabled: 1
  m_CastShadows: 1
  m_ReceiveShadows: 1
  m_DynamicOccludee: 1
  m_MotionVectors: 1
  m_LightProbeUsage: 1
  m_ReflectionProbeUsage: 1
  m_RenderingLayerMask: 4294967295
  m_Materials:
  - {fileID: 2100000, guid: dc5dad697e47e514790f5f78bdd86959, type: 2}
  m_StaticBatchInfo:
    firstSubMesh: 0
    subMeshCount: 0
  m_StaticBatchRoot: {fileID: 0}
  m_ProbeAnchor: {fileID: 0}
  m_LightProbeVolumeOverride: {fileID: 0}
  m_ScaleInLightmap: 1
  m_PreserveUVs: 0
  m_IgnoreNormalsForChartDetection: 0
  m_ImportantGI: 0
  m_StitchLightmapSeams: 0
  m_SelectedEditorRenderState: 3
  m_MinimumChartSize: 4
  m_AutoUVMaxDistance: 0.5
  m_AutoUVMaxAngle: 89
  m_LightmapParameters: {fileID: 0}
  m_SortingLayerID: 0
  m_SortingLayer: 0
  m_SortingOrder: 0
--- !u!33 &590018138
MeshFilter:
  m_ObjectHideFlags: 0
  m_CorrespondingSourceObject: {fileID: 33662429458576422, guid: 043bcd8ddf984c047899d887e504f30e,
    type: 2}
  m_PrefabInternal: {fileID: 0}
  m_GameObject: {fileID: 590018135}
  m_Mesh: {fileID: 4300000, guid: fc1eaa9e85d73cc4fb108166bcfb7160, type: 3}
--- !u!1 &635091092
GameObject:
  m_ObjectHideFlags: 0
  m_CorrespondingSourceObject: {fileID: 1086417807588588, guid: 043bcd8ddf984c047899d887e504f30e,
    type: 2}
  m_PrefabInternal: {fileID: 0}
  serializedVersion: 6
  m_Component:
  - component: {fileID: 635091093}
  - component: {fileID: 635091095}
  - component: {fileID: 635091094}
  m_Layer: 0
  m_Name: falldetector2
  m_TagString: Untagged
  m_Icon: {fileID: 0}
  m_NavMeshLayer: 0
  m_StaticEditorFlags: 0
  m_IsActive: 1
--- !u!4 &635091093
Transform:
  m_ObjectHideFlags: 0
  m_CorrespondingSourceObject: {fileID: 4209852985079798, guid: 043bcd8ddf984c047899d887e504f30e,
    type: 2}
  m_PrefabInternal: {fileID: 0}
  m_GameObject: {fileID: 635091092}
  m_LocalRotation: {x: -0, y: -0, z: 0.7071068, w: 0.7071068}
  m_LocalPosition: {x: -24.74, y: 2.41, z: 0}
  m_LocalScale: {x: 32, y: 1, z: 40}
  m_Children: []
  m_Father: {fileID: 1371840006}
  m_RootOrder: 2
  m_LocalEulerAnglesHint: {x: 0, y: 0, z: 90}
--- !u!114 &635091094
MonoBehaviour:
  m_ObjectHideFlags: 0
  m_CorrespondingSourceObject: {fileID: 114058507588810790, guid: 043bcd8ddf984c047899d887e504f30e,
    type: 2}
  m_PrefabInternal: {fileID: 0}
  m_GameObject: {fileID: 635091092}
  m_Enabled: 1
  m_EditorHideFlags: 0
  m_Script: {fileID: 11500000, guid: 4e2a061606d56ac489cb29f10f2c368e, type: 3}
  m_Name: 
  m_EditorClassIdentifier: 
--- !u!65 &635091095
BoxCollider:
  m_ObjectHideFlags: 0
  m_CorrespondingSourceObject: {fileID: 65402184068345046, guid: 043bcd8ddf984c047899d887e504f30e,
    type: 2}
  m_PrefabInternal: {fileID: 0}
  m_GameObject: {fileID: 635091092}
  m_Material: {fileID: 0}
  m_IsTrigger: 0
  m_Enabled: 1
  serializedVersion: 2
  m_Size: {x: 1, y: 1, z: 1}
  m_Center: {x: 0, y: 0, z: 0}
--- !u!1001 &641890846
Prefab:
  m_ObjectHideFlags: 0
  serializedVersion: 2
  m_Modification:
    m_TransformParent: {fileID: 0}
    m_Modifications:
    - target: {fileID: 4287107201799690, guid: 2b002860ade510c4ebfa95c5b005afee, type: 2}
      propertyPath: m_LocalPosition.x
      value: 1.41
      objectReference: {fileID: 0}
    - target: {fileID: 4287107201799690, guid: 2b002860ade510c4ebfa95c5b005afee, type: 2}
      propertyPath: m_LocalPosition.y
      value: 1
      objectReference: {fileID: 0}
    - target: {fileID: 4287107201799690, guid: 2b002860ade510c4ebfa95c5b005afee, type: 2}
      propertyPath: m_LocalPosition.z
      value: -15
      objectReference: {fileID: 0}
    - target: {fileID: 4287107201799690, guid: 2b002860ade510c4ebfa95c5b005afee, type: 2}
      propertyPath: m_LocalRotation.x
      value: 0
      objectReference: {fileID: 0}
    - target: {fileID: 4287107201799690, guid: 2b002860ade510c4ebfa95c5b005afee, type: 2}
      propertyPath: m_LocalRotation.y
      value: 0
      objectReference: {fileID: 0}
    - target: {fileID: 4287107201799690, guid: 2b002860ade510c4ebfa95c5b005afee, type: 2}
      propertyPath: m_LocalRotation.z
      value: 0
      objectReference: {fileID: 0}
    - target: {fileID: 4287107201799690, guid: 2b002860ade510c4ebfa95c5b005afee, type: 2}
      propertyPath: m_LocalRotation.w
      value: 1
      objectReference: {fileID: 0}
    - target: {fileID: 4287107201799690, guid: 2b002860ade510c4ebfa95c5b005afee, type: 2}
      propertyPath: m_RootOrder
      value: 0
      objectReference: {fileID: 0}
    m_RemovedComponents: []
  m_SourcePrefab: {fileID: 100100000, guid: 2b002860ade510c4ebfa95c5b005afee, type: 2}
  m_IsPrefabAsset: 0
--- !u!114 &641890847 stripped
MonoBehaviour:
  m_CorrespondingSourceObject: {fileID: 114601847071798732, guid: 2b002860ade510c4ebfa95c5b005afee,
    type: 2}
  m_PrefabInternal: {fileID: 641890846}
  m_Script: {fileID: 11500000, guid: 0d5a527d85685d64ea1e19fb378375a8, type: 3}
--- !u!114 &651237336 stripped
MonoBehaviour:
  m_CorrespondingSourceObject: {fileID: 114350057347252784, guid: 18a79223fc752154aaefc6f6000d2563,
    type: 2}
  m_PrefabInternal: {fileID: 1055070513}
  m_Script: {fileID: 708705254, guid: f70555f144d8491a825f0804e09c671c, type: 3}
--- !u!1 &663888893
GameObject:
  m_ObjectHideFlags: 0
  m_CorrespondingSourceObject: {fileID: 1973140641059316, guid: 043bcd8ddf984c047899d887e504f30e,
    type: 2}
  m_PrefabInternal: {fileID: 0}
  serializedVersion: 6
  m_Component:
  - component: {fileID: 663888894}
  - component: {fileID: 663888897}
  - component: {fileID: 663888896}
  - component: {fileID: 663888895}
  m_Layer: 0
  m_Name: Cube
  m_TagString: Untagged
  m_Icon: {fileID: 0}
  m_NavMeshLayer: 0
  m_StaticEditorFlags: 0
  m_IsActive: 1
--- !u!4 &663888894
Transform:
  m_ObjectHideFlags: 0
  m_CorrespondingSourceObject: {fileID: 4951885627867918, guid: 043bcd8ddf984c047899d887e504f30e,
    type: 2}
  m_PrefabInternal: {fileID: 0}
  m_GameObject: {fileID: 663888893}
  m_LocalRotation: {x: -0, y: -0, z: -0, w: 1}
  m_LocalPosition: {x: 0, y: 0, z: 0.94}
  m_LocalScale: {x: 1.2271, y: 1.2271, z: 2.4128468}
  m_Children: []
  m_Father: {fileID: 951424093}
  m_RootOrder: 0
  m_LocalEulerAnglesHint: {x: 0, y: 0, z: 0}
--- !u!65 &663888895
BoxCollider:
  m_ObjectHideFlags: 0
  m_CorrespondingSourceObject: {fileID: 65648682172102082, guid: 043bcd8ddf984c047899d887e504f30e,
    type: 2}
  m_PrefabInternal: {fileID: 0}
  m_GameObject: {fileID: 663888893}
  m_Material: {fileID: 0}
  m_IsTrigger: 0
  m_Enabled: 0
  serializedVersion: 2
  m_Size: {x: 1, y: 1, z: 1}
  m_Center: {x: 0, y: 0, z: 0}
--- !u!23 &663888896
MeshRenderer:
  m_ObjectHideFlags: 0
  m_CorrespondingSourceObject: {fileID: 23321299806548632, guid: 043bcd8ddf984c047899d887e504f30e,
    type: 2}
  m_PrefabInternal: {fileID: 0}
  m_GameObject: {fileID: 663888893}
  m_Enabled: 1
  m_CastShadows: 1
  m_ReceiveShadows: 1
  m_DynamicOccludee: 1
  m_MotionVectors: 1
  m_LightProbeUsage: 1
  m_ReflectionProbeUsage: 1
  m_RenderingLayerMask: 4294967295
  m_Materials:
  - {fileID: 2100000, guid: d67e6a4fc4dff1a4d8e30cec9e4d91fd, type: 2}
  m_StaticBatchInfo:
    firstSubMesh: 0
    subMeshCount: 0
  m_StaticBatchRoot: {fileID: 0}
  m_ProbeAnchor: {fileID: 0}
  m_LightProbeVolumeOverride: {fileID: 0}
  m_ScaleInLightmap: 1
  m_PreserveUVs: 0
  m_IgnoreNormalsForChartDetection: 0
  m_ImportantGI: 0
  m_StitchLightmapSeams: 0
  m_SelectedEditorRenderState: 3
  m_MinimumChartSize: 4
  m_AutoUVMaxDistance: 0.5
  m_AutoUVMaxAngle: 89
  m_LightmapParameters: {fileID: 0}
  m_SortingLayerID: 0
  m_SortingLayer: 0
  m_SortingOrder: 0
--- !u!33 &663888897
MeshFilter:
  m_ObjectHideFlags: 0
  m_CorrespondingSourceObject: {fileID: 33992316298509112, guid: 043bcd8ddf984c047899d887e504f30e,
    type: 2}
  m_PrefabInternal: {fileID: 0}
  m_GameObject: {fileID: 663888893}
  m_Mesh: {fileID: 10202, guid: 0000000000000000e000000000000000, type: 0}
--- !u!1001 &702995400
Prefab:
  m_ObjectHideFlags: 0
  serializedVersion: 2
  m_Modification:
    m_TransformParent: {fileID: 1812041999}
    m_Modifications:
    - target: {fileID: 4748932839555258, guid: cebd6bdb49e437c4786d83b968c1d8a5, type: 2}
      propertyPath: m_LocalPosition.x
      value: 8.3
      objectReference: {fileID: 0}
    - target: {fileID: 4748932839555258, guid: cebd6bdb49e437c4786d83b968c1d8a5, type: 2}
      propertyPath: m_LocalPosition.y
      value: -2.77
      objectReference: {fileID: 0}
    - target: {fileID: 4748932839555258, guid: cebd6bdb49e437c4786d83b968c1d8a5, type: 2}
      propertyPath: m_LocalPosition.z
      value: 0
      objectReference: {fileID: 0}
    - target: {fileID: 4748932839555258, guid: cebd6bdb49e437c4786d83b968c1d8a5, type: 2}
      propertyPath: m_LocalRotation.x
      value: -0
      objectReference: {fileID: 0}
    - target: {fileID: 4748932839555258, guid: cebd6bdb49e437c4786d83b968c1d8a5, type: 2}
      propertyPath: m_LocalRotation.y
      value: -0
      objectReference: {fileID: 0}
    - target: {fileID: 4748932839555258, guid: cebd6bdb49e437c4786d83b968c1d8a5, type: 2}
      propertyPath: m_LocalRotation.z
      value: -0
      objectReference: {fileID: 0}
    - target: {fileID: 4748932839555258, guid: cebd6bdb49e437c4786d83b968c1d8a5, type: 2}
      propertyPath: m_LocalRotation.w
      value: 1
      objectReference: {fileID: 0}
    - target: {fileID: 4748932839555258, guid: cebd6bdb49e437c4786d83b968c1d8a5, type: 2}
      propertyPath: m_RootOrder
      value: 2
      objectReference: {fileID: 0}
    - target: {fileID: 1725956325554240, guid: cebd6bdb49e437c4786d83b968c1d8a5, type: 2}
      propertyPath: m_Name
      value: Bouncy clockwork (2)
      objectReference: {fileID: 0}
    m_RemovedComponents: []
  m_SourcePrefab: {fileID: 100100000, guid: cebd6bdb49e437c4786d83b968c1d8a5, type: 2}
  m_IsPrefabAsset: 0
--- !u!4 &702995401 stripped
Transform:
  m_CorrespondingSourceObject: {fileID: 4748932839555258, guid: cebd6bdb49e437c4786d83b968c1d8a5,
    type: 2}
  m_PrefabInternal: {fileID: 702995400}
--- !u!1 &702995402 stripped
GameObject:
  m_CorrespondingSourceObject: {fileID: 1725956325554240, guid: cebd6bdb49e437c4786d83b968c1d8a5,
    type: 2}
  m_PrefabInternal: {fileID: 702995400}
--- !u!114 &728678393 stripped
MonoBehaviour:
  m_CorrespondingSourceObject: {fileID: 114779140636529278, guid: 18a79223fc752154aaefc6f6000d2563,
    type: 2}
  m_PrefabInternal: {fileID: 1055070513}
  m_Script: {fileID: 708705254, guid: f70555f144d8491a825f0804e09c671c, type: 3}
--- !u!1001 &749079590
Prefab:
  m_ObjectHideFlags: 0
  serializedVersion: 2
  m_Modification:
    m_TransformParent: {fileID: 0}
    m_Modifications:
    - target: {fileID: 4146464994422220, guid: 75c8fbc43c315bb46a6f60e4e4cd32b7, type: 2}
      propertyPath: m_LocalPosition.x
      value: 0
      objectReference: {fileID: 0}
    - target: {fileID: 4146464994422220, guid: 75c8fbc43c315bb46a6f60e4e4cd32b7, type: 2}
      propertyPath: m_LocalPosition.y
      value: 0
      objectReference: {fileID: 0}
    - target: {fileID: 4146464994422220, guid: 75c8fbc43c315bb46a6f60e4e4cd32b7, type: 2}
      propertyPath: m_LocalPosition.z
      value: 0
      objectReference: {fileID: 0}
    - target: {fileID: 4146464994422220, guid: 75c8fbc43c315bb46a6f60e4e4cd32b7, type: 2}
      propertyPath: m_LocalRotation.x
      value: 0
      objectReference: {fileID: 0}
    - target: {fileID: 4146464994422220, guid: 75c8fbc43c315bb46a6f60e4e4cd32b7, type: 2}
      propertyPath: m_LocalRotation.y
      value: 0
      objectReference: {fileID: 0}
    - target: {fileID: 4146464994422220, guid: 75c8fbc43c315bb46a6f60e4e4cd32b7, type: 2}
      propertyPath: m_LocalRotation.z
      value: 0
      objectReference: {fileID: 0}
    - target: {fileID: 4146464994422220, guid: 75c8fbc43c315bb46a6f60e4e4cd32b7, type: 2}
      propertyPath: m_LocalRotation.w
      value: 1
      objectReference: {fileID: 0}
    - target: {fileID: 4146464994422220, guid: 75c8fbc43c315bb46a6f60e4e4cd32b7, type: 2}
      propertyPath: m_RootOrder
      value: 5
      objectReference: {fileID: 0}
    m_RemovedComponents: []
  m_SourcePrefab: {fileID: 100100000, guid: 75c8fbc43c315bb46a6f60e4e4cd32b7, type: 2}
  m_IsPrefabAsset: 0
--- !u!1 &830291730 stripped
GameObject:
  m_CorrespondingSourceObject: {fileID: 1725956325554240, guid: cebd6bdb49e437c4786d83b968c1d8a5,
    type: 2}
  m_PrefabInternal: {fileID: 1213103411}
--- !u!4 &830291732 stripped
Transform:
  m_CorrespondingSourceObject: {fileID: 4748932839555258, guid: cebd6bdb49e437c4786d83b968c1d8a5,
    type: 2}
  m_PrefabInternal: {fileID: 1213103411}
--- !u!1 &951424092
GameObject:
  m_ObjectHideFlags: 0
  m_CorrespondingSourceObject: {fileID: 1444266069020448, guid: 043bcd8ddf984c047899d887e504f30e,
    type: 2}
  m_PrefabInternal: {fileID: 0}
  serializedVersion: 6
  m_Component:
  - component: {fileID: 951424093}
  m_Layer: 0
  m_Name: Controller1 (2)
  m_TagString: Untagged
  m_Icon: {fileID: 0}
  m_NavMeshLayer: 0
  m_StaticEditorFlags: 0
  m_IsActive: 1
--- !u!4 &951424093
Transform:
  m_ObjectHideFlags: 0
  m_CorrespondingSourceObject: {fileID: 4144324068124830, guid: 043bcd8ddf984c047899d887e504f30e,
    type: 2}
  m_PrefabInternal: {fileID: 0}
  m_GameObject: {fileID: 951424092}
  m_LocalRotation: {x: 0.25000006, y: -0.24999997, z: 0.066987306, w: 0.9330127}
  m_LocalPosition: {x: -0.26, y: 0.52, z: -0}
  m_LocalScale: {x: 1, y: 1, z: 1}
  m_Children:
  - {fileID: 663888894}
  - {fileID: 1532235801}
  m_Father: {fileID: 21444883}
  m_RootOrder: 0
  m_LocalEulerAnglesHint: {x: 30, y: -30, z: 0}
--- !u!1001 &1015324162
Prefab:
  m_ObjectHideFlags: 0
  serializedVersion: 2
  m_Modification:
    m_TransformParent: {fileID: 1812041999}
    m_Modifications:
    - target: {fileID: 4748932839555258, guid: cebd6bdb49e437c4786d83b968c1d8a5, type: 2}
      propertyPath: m_LocalPosition.x
      value: 2.45
      objectReference: {fileID: 0}
    - target: {fileID: 4748932839555258, guid: cebd6bdb49e437c4786d83b968c1d8a5, type: 2}
      propertyPath: m_LocalPosition.y
      value: 0.33
      objectReference: {fileID: 0}
    - target: {fileID: 4748932839555258, guid: cebd6bdb49e437c4786d83b968c1d8a5, type: 2}
      propertyPath: m_LocalPosition.z
      value: 0
      objectReference: {fileID: 0}
    - target: {fileID: 4748932839555258, guid: cebd6bdb49e437c4786d83b968c1d8a5, type: 2}
      propertyPath: m_LocalRotation.x
      value: -0
      objectReference: {fileID: 0}
    - target: {fileID: 4748932839555258, guid: cebd6bdb49e437c4786d83b968c1d8a5, type: 2}
      propertyPath: m_LocalRotation.y
      value: -0
      objectReference: {fileID: 0}
    - target: {fileID: 4748932839555258, guid: cebd6bdb49e437c4786d83b968c1d8a5, type: 2}
      propertyPath: m_LocalRotation.z
      value: -0
      objectReference: {fileID: 0}
    - target: {fileID: 4748932839555258, guid: cebd6bdb49e437c4786d83b968c1d8a5, type: 2}
      propertyPath: m_LocalRotation.w
      value: 1
      objectReference: {fileID: 0}
    - target: {fileID: 4748932839555258, guid: cebd6bdb49e437c4786d83b968c1d8a5, type: 2}
      propertyPath: m_RootOrder
      value: 1
      objectReference: {fileID: 0}
    - target: {fileID: 1725956325554240, guid: cebd6bdb49e437c4786d83b968c1d8a5, type: 2}
      propertyPath: m_Name
      value: Bouncy clockwork (1)
      objectReference: {fileID: 0}
    m_RemovedComponents: []
  m_SourcePrefab: {fileID: 100100000, guid: cebd6bdb49e437c4786d83b968c1d8a5, type: 2}
  m_IsPrefabAsset: 0
--- !u!1001 &1055070513
Prefab:
  m_ObjectHideFlags: 0
  serializedVersion: 2
  m_Modification:
    m_TransformParent: {fileID: 0}
    m_Modifications:
    - target: {fileID: 224464305805180102, guid: 18a79223fc752154aaefc6f6000d2563,
        type: 2}
      propertyPath: m_LocalPosition.x
      value: 0
      objectReference: {fileID: 0}
    - target: {fileID: 224464305805180102, guid: 18a79223fc752154aaefc6f6000d2563,
        type: 2}
      propertyPath: m_LocalPosition.y
      value: 0
      objectReference: {fileID: 0}
    - target: {fileID: 224464305805180102, guid: 18a79223fc752154aaefc6f6000d2563,
        type: 2}
      propertyPath: m_LocalPosition.z
      value: 0
      objectReference: {fileID: 0}
    - target: {fileID: 224464305805180102, guid: 18a79223fc752154aaefc6f6000d2563,
        type: 2}
      propertyPath: m_LocalRotation.x
      value: 0
      objectReference: {fileID: 0}
    - target: {fileID: 224464305805180102, guid: 18a79223fc752154aaefc6f6000d2563,
        type: 2}
      propertyPath: m_LocalRotation.y
      value: 0
      objectReference: {fileID: 0}
    - target: {fileID: 224464305805180102, guid: 18a79223fc752154aaefc6f6000d2563,
        type: 2}
      propertyPath: m_LocalRotation.z
      value: 0
      objectReference: {fileID: 0}
    - target: {fileID: 224464305805180102, guid: 18a79223fc752154aaefc6f6000d2563,
        type: 2}
      propertyPath: m_LocalRotation.w
      value: 1
      objectReference: {fileID: 0}
    - target: {fileID: 224464305805180102, guid: 18a79223fc752154aaefc6f6000d2563,
        type: 2}
      propertyPath: m_RootOrder
      value: 4
      objectReference: {fileID: 0}
    - target: {fileID: 224464305805180102, guid: 18a79223fc752154aaefc6f6000d2563,
        type: 2}
      propertyPath: m_AnchoredPosition.x
      value: 0
      objectReference: {fileID: 0}
    - target: {fileID: 224464305805180102, guid: 18a79223fc752154aaefc6f6000d2563,
        type: 2}
      propertyPath: m_AnchoredPosition.y
      value: 0
      objectReference: {fileID: 0}
    - target: {fileID: 224464305805180102, guid: 18a79223fc752154aaefc6f6000d2563,
        type: 2}
      propertyPath: m_SizeDelta.x
      value: 0
      objectReference: {fileID: 0}
    - target: {fileID: 224464305805180102, guid: 18a79223fc752154aaefc6f6000d2563,
        type: 2}
      propertyPath: m_SizeDelta.y
      value: 0
      objectReference: {fileID: 0}
    - target: {fileID: 224464305805180102, guid: 18a79223fc752154aaefc6f6000d2563,
        type: 2}
      propertyPath: m_AnchorMin.x
      value: 0
      objectReference: {fileID: 0}
    - target: {fileID: 224464305805180102, guid: 18a79223fc752154aaefc6f6000d2563,
        type: 2}
      propertyPath: m_AnchorMin.y
      value: 0
      objectReference: {fileID: 0}
    - target: {fileID: 224464305805180102, guid: 18a79223fc752154aaefc6f6000d2563,
        type: 2}
      propertyPath: m_AnchorMax.x
      value: 0
      objectReference: {fileID: 0}
    - target: {fileID: 224464305805180102, guid: 18a79223fc752154aaefc6f6000d2563,
        type: 2}
      propertyPath: m_AnchorMax.y
      value: 0
      objectReference: {fileID: 0}
    - target: {fileID: 224464305805180102, guid: 18a79223fc752154aaefc6f6000d2563,
        type: 2}
      propertyPath: m_Pivot.x
      value: 0
      objectReference: {fileID: 0}
    - target: {fileID: 224464305805180102, guid: 18a79223fc752154aaefc6f6000d2563,
        type: 2}
      propertyPath: m_Pivot.y
      value: 0
      objectReference: {fileID: 0}
    - target: {fileID: 114475246695744080, guid: 18a79223fc752154aaefc6f6000d2563,
        type: 2}
      propertyPath: m_OnClick.m_PersistentCalls.m_Calls.Array.data[0].m_Target
      value: 
      objectReference: {fileID: 1396157313}
    - target: {fileID: 114363035411089126, guid: 18a79223fc752154aaefc6f6000d2563,
        type: 2}
      propertyPath: m_OnClick.m_PersistentCalls.m_Calls.Array.data[0].m_Target
      value: 
      objectReference: {fileID: 1396157313}
    - target: {fileID: 114046785784806080, guid: 18a79223fc752154aaefc6f6000d2563,
        type: 2}
      propertyPath: m_OnClick.m_PersistentCalls.m_Calls.Array.data[0].m_Target
      value: 
      objectReference: {fileID: 1396157313}
    - target: {fileID: 114363035411089126, guid: 18a79223fc752154aaefc6f6000d2563,
        type: 2}
      propertyPath: m_OnClick.m_PersistentCalls.m_Calls.Array.data[0].m_MethodName
      value: LoadLevel
      objectReference: {fileID: 0}
    - target: {fileID: 114046785784806080, guid: 18a79223fc752154aaefc6f6000d2563,
        type: 2}
      propertyPath: m_OnClick.m_PersistentCalls.m_Calls.Array.data[1].m_Target
      value: 
      objectReference: {fileID: 641890847}
    - target: {fileID: 114046785784806080, guid: 18a79223fc752154aaefc6f6000d2563,
        type: 2}
      propertyPath: m_OnClick.m_PersistentCalls.m_Calls.Array.data[1].m_MethodName
      value: PlayButtonEffect
      objectReference: {fileID: 0}
    - target: {fileID: 114475246695744080, guid: 18a79223fc752154aaefc6f6000d2563,
        type: 2}
      propertyPath: m_OnClick.m_PersistentCalls.m_Calls.Array.data[1].m_Target
      value: 
      objectReference: {fileID: 641890847}
    - target: {fileID: 114475246695744080, guid: 18a79223fc752154aaefc6f6000d2563,
        type: 2}
      propertyPath: m_OnClick.m_PersistentCalls.m_Calls.Array.data[1].m_MethodName
      value: PlayButtonEffect
      objectReference: {fileID: 0}
    - target: {fileID: 114363035411089126, guid: 18a79223fc752154aaefc6f6000d2563,
        type: 2}
      propertyPath: m_OnClick.m_PersistentCalls.m_Calls.Array.data[1].m_Target
      value: 
      objectReference: {fileID: 641890847}
    - target: {fileID: 114363035411089126, guid: 18a79223fc752154aaefc6f6000d2563,
        type: 2}
      propertyPath: m_OnClick.m_PersistentCalls.m_Calls.Array.data[1].m_MethodName
      value: PlayButtonEffect
      objectReference: {fileID: 0}
    - target: {fileID: 114931033685532862, guid: 18a79223fc752154aaefc6f6000d2563,
        type: 2}
      propertyPath: m_OnClick.m_PersistentCalls.m_Calls.Array.data[1].m_Target
      value: 
      objectReference: {fileID: 641890847}
    - target: {fileID: 114931033685532862, guid: 18a79223fc752154aaefc6f6000d2563,
        type: 2}
      propertyPath: m_OnClick.m_PersistentCalls.m_Calls.Array.data[1].m_MethodName
      value: PlayButtonEffect
      objectReference: {fileID: 0}
    - target: {fileID: 114931033685532862, guid: 18a79223fc752154aaefc6f6000d2563,
        type: 2}
      propertyPath: m_OnClick.m_PersistentCalls.m_Calls.Array.data[0].m_Target
      value: 
      objectReference: {fileID: 1396157313}
    - target: {fileID: 114931033685532862, guid: 18a79223fc752154aaefc6f6000d2563,
        type: 2}
      propertyPath: m_OnClick.m_PersistentCalls.m_Calls.Array.data[0].m_MethodName
      value: LoadNextScene
      objectReference: {fileID: 0}
    - target: {fileID: 114363035411089126, guid: 18a79223fc752154aaefc6f6000d2563,
        type: 2}
      propertyPath: m_OnClick.m_PersistentCalls.m_Calls.Array.data[0].m_Mode
      value: 3
      objectReference: {fileID: 0}
    m_RemovedComponents: []
  m_SourcePrefab: {fileID: 100100000, guid: 18a79223fc752154aaefc6f6000d2563, type: 2}
  m_IsPrefabAsset: 0
--- !u!114 &1055070514 stripped
MonoBehaviour:
  m_CorrespondingSourceObject: {fileID: 114425740813794626, guid: 18a79223fc752154aaefc6f6000d2563,
    type: 2}
  m_PrefabInternal: {fileID: 1055070513}
  m_Script: {fileID: 708705254, guid: f70555f144d8491a825f0804e09c671c, type: 3}
--- !u!1 &1065344647
GameObject:
  m_ObjectHideFlags: 0
  m_CorrespondingSourceObject: {fileID: 1701458968564004, guid: 043bcd8ddf984c047899d887e504f30e,
    type: 2}
  m_PrefabInternal: {fileID: 0}
  serializedVersion: 6
  m_Component:
  - component: {fileID: 1065344648}
  m_Layer: 0
  m_Name: Control pedal1 (1)
  m_TagString: Untagged
  m_Icon: {fileID: 0}
  m_NavMeshLayer: 0
  m_StaticEditorFlags: 0
  m_IsActive: 1
--- !u!4 &1065344648
Transform:
  m_ObjectHideFlags: 0
  m_CorrespondingSourceObject: {fileID: 4496509151704100, guid: 043bcd8ddf984c047899d887e504f30e,
    type: 2}
  m_PrefabInternal: {fileID: 0}
  m_GameObject: {fileID: 1065344647}
  m_LocalRotation: {x: -0, y: -0, z: -0, w: 1}
  m_LocalPosition: {x: -1000, y: -0.43, z: 0}
  m_LocalScale: {x: 1, y: 1, z: 1}
  m_Children:
  - {fileID: 1259536893}
  m_Father: {fileID: 1382065292}
  m_RootOrder: 1
  m_LocalEulerAnglesHint: {x: 0, y: 0, z: 0}
--- !u!1 &1167318328 stripped
GameObject:
  m_CorrespondingSourceObject: {fileID: 1725956325554240, guid: cebd6bdb49e437c4786d83b968c1d8a5,
    type: 2}
  m_PrefabInternal: {fileID: 1015324162}
--- !u!4 &1167318329 stripped
Transform:
  m_CorrespondingSourceObject: {fileID: 4748932839555258, guid: cebd6bdb49e437c4786d83b968c1d8a5,
    type: 2}
  m_PrefabInternal: {fileID: 1015324162}
--- !u!1 &1168117452
GameObject:
  m_ObjectHideFlags: 0
  m_CorrespondingSourceObject: {fileID: 1564524061740846, guid: 043bcd8ddf984c047899d887e504f30e,
    type: 2}
  m_PrefabInternal: {fileID: 0}
  serializedVersion: 6
  m_Component:
  - component: {fileID: 1168117453}
  - component: {fileID: 1168117455}
  - component: {fileID: 1168117454}
  m_Layer: 0
  m_Name: falldetector
  m_TagString: Untagged
  m_Icon: {fileID: 0}
  m_NavMeshLayer: 0
  m_StaticEditorFlags: 0
  m_IsActive: 1
--- !u!4 &1168117453
Transform:
  m_ObjectHideFlags: 0
  m_CorrespondingSourceObject: {fileID: 4392589733305848, guid: 043bcd8ddf984c047899d887e504f30e,
    type: 2}
  m_PrefabInternal: {fileID: 0}
  m_GameObject: {fileID: 1168117452}
  m_LocalRotation: {x: 0, y: 0, z: 0, w: 1}
  m_LocalPosition: {x: 4.1, y: -9.53, z: 0}
  m_LocalScale: {x: 60, y: 1, z: 40}
  m_Children: []
  m_Father: {fileID: 1371840006}
  m_RootOrder: 0
  m_LocalEulerAnglesHint: {x: 0, y: 0, z: 0}
--- !u!114 &1168117454
MonoBehaviour:
  m_ObjectHideFlags: 0
  m_CorrespondingSourceObject: {fileID: 114893340457432426, guid: 043bcd8ddf984c047899d887e504f30e,
    type: 2}
  m_PrefabInternal: {fileID: 0}
  m_GameObject: {fileID: 1168117452}
  m_Enabled: 1
  m_EditorHideFlags: 0
  m_Script: {fileID: 11500000, guid: 4e2a061606d56ac489cb29f10f2c368e, type: 3}
  m_Name: 
  m_EditorClassIdentifier: 
--- !u!65 &1168117455
BoxCollider:
  m_ObjectHideFlags: 0
  m_CorrespondingSourceObject: {fileID: 65216970917655738, guid: 043bcd8ddf984c047899d887e504f30e,
    type: 2}
  m_PrefabInternal: {fileID: 0}
  m_GameObject: {fileID: 1168117452}
  m_Material: {fileID: 0}
  m_IsTrigger: 1
  m_Enabled: 1
  serializedVersion: 2
  m_Size: {x: 1, y: 1, z: 1}
  m_Center: {x: 0, y: 0, z: 0}
--- !u!1001 &1213103411
Prefab:
  m_ObjectHideFlags: 0
  serializedVersion: 2
  m_Modification:
    m_TransformParent: {fileID: 1812041999}
    m_Modifications:
    - target: {fileID: 4748932839555258, guid: cebd6bdb49e437c4786d83b968c1d8a5, type: 2}
      propertyPath: m_LocalPosition.x
      value: -5.07
      objectReference: {fileID: 0}
    - target: {fileID: 4748932839555258, guid: cebd6bdb49e437c4786d83b968c1d8a5, type: 2}
      propertyPath: m_LocalPosition.y
      value: 3.83
      objectReference: {fileID: 0}
    - target: {fileID: 4748932839555258, guid: cebd6bdb49e437c4786d83b968c1d8a5, type: 2}
      propertyPath: m_LocalPosition.z
      value: 0
      objectReference: {fileID: 0}
    - target: {fileID: 4748932839555258, guid: cebd6bdb49e437c4786d83b968c1d8a5, type: 2}
      propertyPath: m_LocalRotation.x
      value: -0
      objectReference: {fileID: 0}
    - target: {fileID: 4748932839555258, guid: cebd6bdb49e437c4786d83b968c1d8a5, type: 2}
      propertyPath: m_LocalRotation.y
      value: -0
      objectReference: {fileID: 0}
    - target: {fileID: 4748932839555258, guid: cebd6bdb49e437c4786d83b968c1d8a5, type: 2}
      propertyPath: m_LocalRotation.z
      value: -0
      objectReference: {fileID: 0}
    - target: {fileID: 4748932839555258, guid: cebd6bdb49e437c4786d83b968c1d8a5, type: 2}
      propertyPath: m_LocalRotation.w
      value: 1
      objectReference: {fileID: 0}
    - target: {fileID: 4748932839555258, guid: cebd6bdb49e437c4786d83b968c1d8a5, type: 2}
      propertyPath: m_RootOrder
      value: 0
      objectReference: {fileID: 0}
    m_RemovedComponents: []
  m_SourcePrefab: {fileID: 100100000, guid: cebd6bdb49e437c4786d83b968c1d8a5, type: 2}
  m_IsPrefabAsset: 0
--- !u!1 &1259536892
GameObject:
  m_ObjectHideFlags: 0
  m_CorrespondingSourceObject: {fileID: 1444266069020448, guid: 043bcd8ddf984c047899d887e504f30e,
    type: 2}
  m_PrefabInternal: {fileID: 0}
  serializedVersion: 6
  m_Component:
  - component: {fileID: 1259536893}
  m_Layer: 0
  m_Name: Controller1 (2)
  m_TagString: Untagged
  m_Icon: {fileID: 0}
  m_NavMeshLayer: 0
  m_StaticEditorFlags: 0
  m_IsActive: 1
--- !u!4 &1259536893
Transform:
  m_ObjectHideFlags: 0
  m_CorrespondingSourceObject: {fileID: 4144324068124830, guid: 043bcd8ddf984c047899d887e504f30e,
    type: 2}
  m_PrefabInternal: {fileID: 0}
  m_GameObject: {fileID: 1259536892}
  m_LocalRotation: {x: 0.25000006, y: -0.24999997, z: 0.066987306, w: 0.9330127}
  m_LocalPosition: {x: -0.26, y: 0.52, z: -0}
  m_LocalScale: {x: 1, y: 1, z: 1}
  m_Children:
  - {fileID: 1609197799}
  - {fileID: 2040635006}
  m_Father: {fileID: 1065344648}
  m_RootOrder: 0
  m_LocalEulerAnglesHint: {x: 30, y: -30, z: 0}
--- !u!1 &1371840005
GameObject:
  m_ObjectHideFlags: 0
  m_CorrespondingSourceObject: {fileID: 1123177183916182, guid: 043bcd8ddf984c047899d887e504f30e,
    type: 2}
  m_PrefabInternal: {fileID: 0}
  serializedVersion: 6
  m_Component:
  - component: {fileID: 1371840006}
  - component: {fileID: 1396157313}
  - component: {fileID: 1371840007}
  m_Layer: 0
  m_Name: level
  m_TagString: Untagged
  m_Icon: {fileID: 0}
  m_NavMeshLayer: 0
  m_StaticEditorFlags: 0
  m_IsActive: 1
--- !u!4 &1371840006
Transform:
  m_ObjectHideFlags: 0
  m_CorrespondingSourceObject: {fileID: 4720332531154700, guid: 043bcd8ddf984c047899d887e504f30e,
    type: 2}
  m_PrefabInternal: {fileID: 0}
  m_GameObject: {fileID: 1371840005}
  m_LocalRotation: {x: 0, y: 0, z: 0, w: 1}
  m_LocalPosition: {x: 0, y: 0, z: 0}
  m_LocalScale: {x: 1, y: 1, z: 1}
  m_Children:
  - {fileID: 1168117453}
  - {fileID: 326417134}
  - {fileID: 635091093}
  - {fileID: 1917390507}
  - {fileID: 2045115628}
  - {fileID: 1642786381}
  - {fileID: 1382065292}
  - {fileID: 1812041999}
  m_Father: {fileID: 0}
  m_RootOrder: 3
  m_LocalEulerAnglesHint: {x: 0, y: 0, z: 0}
--- !u!82 &1371840007
AudioSource:
  m_ObjectHideFlags: 0
  m_CorrespondingSourceObject: {fileID: 0}
  m_PrefabInternal: {fileID: 0}
  m_GameObject: {fileID: 1371840005}
  m_Enabled: 1
  serializedVersion: 4
  OutputAudioMixerGroup: {fileID: 0}
  m_audioClip: {fileID: 0}
  m_PlayOnAwake: 0
  m_Volume: 1
  m_Pitch: 1
  Loop: 0
  Mute: 0
  Spatialize: 0
  SpatializePostEffects: 0
  Priority: 128
  DopplerLevel: 1
  MinDistance: 1
  MaxDistance: 500
  Pan2D: 0
  rolloffMode: 0
  BypassEffects: 0
  BypassListenerEffects: 0
  BypassReverbZones: 0
  rolloffCustomCurve:
    serializedVersion: 2
    m_Curve:
    - serializedVersion: 3
      time: 0
      value: 1
      inSlope: 0
      outSlope: 0
      tangentMode: 0
      weightedMode: 0
      inWeight: 0.33333334
      outWeight: 0.33333334
    - serializedVersion: 3
      time: 1
      value: 0
      inSlope: 0
      outSlope: 0
      tangentMode: 0
      weightedMode: 0
      inWeight: 0.33333334
      outWeight: 0.33333334
    m_PreInfinity: 2
    m_PostInfinity: 2
    m_RotationOrder: 4
  panLevelCustomCurve:
    serializedVersion: 2
    m_Curve:
    - serializedVersion: 3
      time: 0
      value: 0
      inSlope: 0
      outSlope: 0
      tangentMode: 0
      weightedMode: 0
      inWeight: 0.33333334
      outWeight: 0.33333334
    m_PreInfinity: 2
    m_PostInfinity: 2
    m_RotationOrder: 4
  spreadCustomCurve:
    serializedVersion: 2
    m_Curve:
    - serializedVersion: 3
      time: 0
      value: 0
      inSlope: 0
      outSlope: 0
      tangentMode: 0
      weightedMode: 0
      inWeight: 0.33333334
      outWeight: 0.33333334
    m_PreInfinity: 2
    m_PostInfinity: 2
    m_RotationOrder: 4
  reverbZoneMixCustomCurve:
    serializedVersion: 2
    m_Curve:
    - serializedVersion: 3
      time: 0
      value: 1
      inSlope: 0
      outSlope: 0
      tangentMode: 0
      weightedMode: 0
      inWeight: 0.33333334
      outWeight: 0.33333334
    m_PreInfinity: 2
    m_PostInfinity: 2
    m_RotationOrder: 4
--- !u!1 &1380274717
GameObject:
  m_ObjectHideFlags: 0
  m_CorrespondingSourceObject: {fileID: 1013970258848738, guid: 043bcd8ddf984c047899d887e504f30e,
    type: 2}
  m_PrefabInternal: {fileID: 0}
  serializedVersion: 6
  m_Component:
  - component: {fileID: 1380274718}
  - component: {fileID: 1380274720}
  - component: {fileID: 1380274719}
  m_Layer: 0
  m_Name: pCylinder5
  m_TagString: Untagged
  m_Icon: {fileID: 0}
  m_NavMeshLayer: 0
  m_StaticEditorFlags: 0
  m_IsActive: 1
--- !u!4 &1380274718
Transform:
  m_ObjectHideFlags: 0
  m_CorrespondingSourceObject: {fileID: 4733196027132218, guid: 043bcd8ddf984c047899d887e504f30e,
    type: 2}
  m_PrefabInternal: {fileID: 0}
  m_GameObject: {fileID: 1380274717}
  m_LocalRotation: {x: -0, y: -0, z: -0, w: 1}
  m_LocalPosition: {x: 4.5, y: -3.23, z: 0}
  m_LocalScale: {x: 1, y: 1, z: 1}
  m_Children: []
  m_Father: {fileID: 1974990312}
  m_RootOrder: 0
  m_LocalEulerAnglesHint: {x: 0, y: 0, z: 0}
--- !u!23 &1380274719
MeshRenderer:
  m_ObjectHideFlags: 0
  m_CorrespondingSourceObject: {fileID: 23408639841522912, guid: 043bcd8ddf984c047899d887e504f30e,
    type: 2}
  m_PrefabInternal: {fileID: 0}
  m_GameObject: {fileID: 1380274717}
  m_Enabled: 1
  m_CastShadows: 1
  m_ReceiveShadows: 1
  m_DynamicOccludee: 1
  m_MotionVectors: 1
  m_LightProbeUsage: 1
  m_ReflectionProbeUsage: 1
  m_RenderingLayerMask: 4294967295
  m_Materials:
  - {fileID: 2100000, guid: dc5dad697e47e514790f5f78bdd86959, type: 2}
  m_StaticBatchInfo:
    firstSubMesh: 0
    subMeshCount: 0
  m_StaticBatchRoot: {fileID: 0}
  m_ProbeAnchor: {fileID: 0}
  m_LightProbeVolumeOverride: {fileID: 0}
  m_ScaleInLightmap: 1
  m_PreserveUVs: 0
  m_IgnoreNormalsForChartDetection: 0
  m_ImportantGI: 0
  m_StitchLightmapSeams: 0
  m_SelectedEditorRenderState: 3
  m_MinimumChartSize: 4
  m_AutoUVMaxDistance: 0.5
  m_AutoUVMaxAngle: 89
  m_LightmapParameters: {fileID: 0}
  m_SortingLayerID: 0
  m_SortingLayer: 0
  m_SortingOrder: 0
--- !u!33 &1380274720
MeshFilter:
  m_ObjectHideFlags: 0
  m_CorrespondingSourceObject: {fileID: 33662429458576422, guid: 043bcd8ddf984c047899d887e504f30e,
    type: 2}
  m_PrefabInternal: {fileID: 0}
  m_GameObject: {fileID: 1380274717}
  m_Mesh: {fileID: 4300000, guid: fc1eaa9e85d73cc4fb108166bcfb7160, type: 3}
--- !u!1 &1382065291
GameObject:
  m_ObjectHideFlags: 0
  m_CorrespondingSourceObject: {fileID: 1636095517707534, guid: 043bcd8ddf984c047899d887e504f30e,
    type: 2}
  m_PrefabInternal: {fileID: 0}
  serializedVersion: 6
  m_Component:
  - component: {fileID: 1382065292}
  m_Layer: 0
  m_Name: controllers
  m_TagString: Untagged
  m_Icon: {fileID: 0}
  m_NavMeshLayer: 0
  m_StaticEditorFlags: 0
  m_IsActive: 1
--- !u!4 &1382065292
Transform:
  m_ObjectHideFlags: 0
  m_CorrespondingSourceObject: {fileID: 4078148928778762, guid: 043bcd8ddf984c047899d887e504f30e,
    type: 2}
  m_PrefabInternal: {fileID: 0}
  m_GameObject: {fileID: 1382065291}
  m_LocalRotation: {x: -0, y: -0, z: -0, w: 1}
  m_LocalPosition: {x: 0, y: 0, z: 0}
  m_LocalScale: {x: 1, y: 1, z: 1}
  m_Children:
  - {fileID: 414347960}
  - {fileID: 1065344648}
  - {fileID: 21444883}
  m_Father: {fileID: 1371840006}
  m_RootOrder: 6
  m_LocalEulerAnglesHint: {x: 0, y: 0, z: 0}
--- !u!114 &1396157313
MonoBehaviour:
  m_ObjectHideFlags: 0
  m_CorrespondingSourceObject: {fileID: 114373251852720172, guid: 043bcd8ddf984c047899d887e504f30e,
    type: 2}
  m_PrefabInternal: {fileID: 0}
  m_GameObject: {fileID: 1371840005}
  m_Enabled: 1
  m_EditorHideFlags: 0
  m_Script: {fileID: 11500000, guid: b7f838c98098ac34e9caa1478da8a41a, type: 3}
  m_Name: 
  m_EditorClassIdentifier: 
  wintext: {fileID: 651237336}
  countText: {fileID: 728678393}
  levelNum: {fileID: 1055070514}
  delay: 3
  winning: {fileID: 8300000, guid: 3d17b361f33112f4db0c59f7d126f934, type: 3}
--- !u!1 &1532235800
GameObject:
  m_ObjectHideFlags: 0
  m_CorrespondingSourceObject: {fileID: 1492720645326414, guid: 043bcd8ddf984c047899d887e504f30e,
    type: 2}
  m_PrefabInternal: {fileID: 0}
  serializedVersion: 6
  m_Component:
  - component: {fileID: 1532235801}
  - component: {fileID: 1532235803}
  - component: {fileID: 1532235802}
  m_Layer: 0
  m_Name: tweaker1
  m_TagString: Untagged
  m_Icon: {fileID: 0}
  m_NavMeshLayer: 0
  m_StaticEditorFlags: 0
  m_IsActive: 1
--- !u!4 &1532235801
Transform:
  m_ObjectHideFlags: 0
  m_CorrespondingSourceObject: {fileID: 4426854901957402, guid: 043bcd8ddf984c047899d887e504f30e,
    type: 2}
  m_PrefabInternal: {fileID: 0}
  m_GameObject: {fileID: 1532235800}
  m_LocalRotation: {x: 0.7071068, y: 0.000000014901163, z: 0.0000000037252907, w: -0.7071068}
  m_LocalPosition: {x: 0, y: 0, z: 0}
  m_LocalScale: {x: 1, y: 1, z: 1}
  m_Children:
  - {fileID: 210155946}
  m_Father: {fileID: 951424093}
  m_RootOrder: 1
  m_LocalEulerAnglesHint: {x: 270, y: 0, z: 0}
--- !u!65 &1532235802
BoxCollider:
  m_ObjectHideFlags: 0
  m_CorrespondingSourceObject: {fileID: 65193831370270896, guid: 043bcd8ddf984c047899d887e504f30e,
    type: 2}
  m_PrefabInternal: {fileID: 0}
  m_GameObject: {fileID: 1532235800}
  m_Material: {fileID: 0}
  m_IsTrigger: 0
  m_Enabled: 1
  serializedVersion: 2
  m_Size: {x: 1, y: 5.179217, z: 1}
  m_Center: {x: -0.000002202372, y: 0.61236894, z: 0.0000020204868}
--- !u!114 &1532235803
MonoBehaviour:
  m_ObjectHideFlags: 0
  m_CorrespondingSourceObject: {fileID: 114136578152696338, guid: 043bcd8ddf984c047899d887e504f30e,
    type: 2}
  m_PrefabInternal: {fileID: 0}
  m_GameObject: {fileID: 1532235800}
  m_Enabled: 1
  m_EditorHideFlags: 0
  m_Script: {fileID: 11500000, guid: 124745d0a5a00ab4ba09884753c4c3b2, type: 3}
  m_Name: 
  m_EditorClassIdentifier: 
  clockWorker: {fileID: 702995402}
--- !u!1 &1609197798
GameObject:
  m_ObjectHideFlags: 0
  m_CorrespondingSourceObject: {fileID: 1973140641059316, guid: 043bcd8ddf984c047899d887e504f30e,
    type: 2}
  m_PrefabInternal: {fileID: 0}
  serializedVersion: 6
  m_Component:
  - component: {fileID: 1609197799}
  - component: {fileID: 1609197802}
  - component: {fileID: 1609197801}
  - component: {fileID: 1609197800}
  m_Layer: 0
  m_Name: Cube
  m_TagString: Untagged
  m_Icon: {fileID: 0}
  m_NavMeshLayer: 0
  m_StaticEditorFlags: 0
  m_IsActive: 1
--- !u!4 &1609197799
Transform:
  m_ObjectHideFlags: 0
  m_CorrespondingSourceObject: {fileID: 4951885627867918, guid: 043bcd8ddf984c047899d887e504f30e,
    type: 2}
  m_PrefabInternal: {fileID: 0}
  m_GameObject: {fileID: 1609197798}
  m_LocalRotation: {x: -0, y: -0, z: -0, w: 1}
  m_LocalPosition: {x: 0, y: 0, z: 0.94}
  m_LocalScale: {x: 1.2271, y: 1.2271, z: 2.4128468}
  m_Children: []
  m_Father: {fileID: 1259536893}
  m_RootOrder: 0
  m_LocalEulerAnglesHint: {x: 0, y: 0, z: 0}
--- !u!65 &1609197800
BoxCollider:
  m_ObjectHideFlags: 0
  m_CorrespondingSourceObject: {fileID: 65648682172102082, guid: 043bcd8ddf984c047899d887e504f30e,
    type: 2}
  m_PrefabInternal: {fileID: 0}
  m_GameObject: {fileID: 1609197798}
  m_Material: {fileID: 0}
  m_IsTrigger: 0
  m_Enabled: 0
  serializedVersion: 2
  m_Size: {x: 1, y: 1, z: 1}
  m_Center: {x: 0, y: 0, z: 0}
--- !u!23 &1609197801
MeshRenderer:
  m_ObjectHideFlags: 0
  m_CorrespondingSourceObject: {fileID: 23321299806548632, guid: 043bcd8ddf984c047899d887e504f30e,
    type: 2}
  m_PrefabInternal: {fileID: 0}
  m_GameObject: {fileID: 1609197798}
  m_Enabled: 1
  m_CastShadows: 1
  m_ReceiveShadows: 1
  m_DynamicOccludee: 1
  m_MotionVectors: 1
  m_LightProbeUsage: 1
  m_ReflectionProbeUsage: 1
  m_RenderingLayerMask: 4294967295
  m_Materials:
  - {fileID: 2100000, guid: d67e6a4fc4dff1a4d8e30cec9e4d91fd, type: 2}
  m_StaticBatchInfo:
    firstSubMesh: 0
    subMeshCount: 0
  m_StaticBatchRoot: {fileID: 0}
  m_ProbeAnchor: {fileID: 0}
  m_LightProbeVolumeOverride: {fileID: 0}
  m_ScaleInLightmap: 1
  m_PreserveUVs: 0
  m_IgnoreNormalsForChartDetection: 0
  m_ImportantGI: 0
  m_StitchLightmapSeams: 0
  m_SelectedEditorRenderState: 3
  m_MinimumChartSize: 4
  m_AutoUVMaxDistance: 0.5
  m_AutoUVMaxAngle: 89
  m_LightmapParameters: {fileID: 0}
  m_SortingLayerID: 0
  m_SortingLayer: 0
  m_SortingOrder: 0
--- !u!33 &1609197802
MeshFilter:
  m_ObjectHideFlags: 0
  m_CorrespondingSourceObject: {fileID: 33992316298509112, guid: 043bcd8ddf984c047899d887e504f30e,
    type: 2}
  m_PrefabInternal: {fileID: 0}
  m_GameObject: {fileID: 1609197798}
  m_Mesh: {fileID: 10202, guid: 0000000000000000e000000000000000, type: 0}
--- !u!1 &1612648723
GameObject:
  m_ObjectHideFlags: 0
  m_CorrespondingSourceObject: {fileID: 1444266069020448, guid: 043bcd8ddf984c047899d887e504f30e,
    type: 2}
  m_PrefabInternal: {fileID: 0}
  serializedVersion: 6
  m_Component:
  - component: {fileID: 1612648724}
  m_Layer: 0
  m_Name: Controller1 (2)
  m_TagString: Untagged
  m_Icon: {fileID: 0}
  m_NavMeshLayer: 0
  m_StaticEditorFlags: 0
  m_IsActive: 1
--- !u!4 &1612648724
Transform:
  m_ObjectHideFlags: 0
  m_CorrespondingSourceObject: {fileID: 4144324068124830, guid: 043bcd8ddf984c047899d887e504f30e,
    type: 2}
  m_PrefabInternal: {fileID: 0}
  m_GameObject: {fileID: 1612648723}
  m_LocalRotation: {x: 0.25000006, y: -0.24999997, z: 0.066987306, w: 0.9330127}
  m_LocalPosition: {x: -0.26, y: 0.52, z: -0}
  m_LocalScale: {x: 1, y: 1, z: 1}
  m_Children:
  - {fileID: 16153059}
  - {fileID: 1974990312}
  m_Father: {fileID: 414347960}
  m_RootOrder: 0
  m_LocalEulerAnglesHint: {x: 30, y: -30, z: 0}
--- !u!1 &1642786380
GameObject:
  m_ObjectHideFlags: 0
  m_CorrespondingSourceObject: {fileID: 1949190718901830, guid: 043bcd8ddf984c047899d887e504f30e,
    type: 2}
  m_PrefabInternal: {fileID: 0}
  serializedVersion: 6
  m_Component:
  - component: {fileID: 1642786381}
  m_Layer: 0
  m_Name: Plats
  m_TagString: Untagged
  m_Icon: {fileID: 0}
  m_NavMeshLayer: 0
  m_StaticEditorFlags: 0
  m_IsActive: 1
--- !u!4 &1642786381
Transform:
  m_ObjectHideFlags: 0
  m_CorrespondingSourceObject: {fileID: 4686649721821370, guid: 043bcd8ddf984c047899d887e504f30e,
    type: 2}
  m_PrefabInternal: {fileID: 0}
  m_GameObject: {fileID: 1642786380}
  m_LocalRotation: {x: -0, y: -0, z: -0, w: 1}
  m_LocalPosition: {x: 0, y: 0, z: 0}
  m_LocalScale: {x: 1, y: 1, z: 1}
  m_Children: []
  m_Father: {fileID: 1371840006}
  m_RootOrder: 5
  m_LocalEulerAnglesHint: {x: 0, y: 0, z: 0}
--- !u!1 &1812041998
GameObject:
  m_ObjectHideFlags: 0
  m_CorrespondingSourceObject: {fileID: 1308763931122472, guid: 043bcd8ddf984c047899d887e504f30e,
    type: 2}
  m_PrefabInternal: {fileID: 0}
  serializedVersion: 6
  m_Component:
  - component: {fileID: 1812041999}
  m_Layer: 0
  m_Name: Clock Workers
  m_TagString: Untagged
  m_Icon: {fileID: 0}
  m_NavMeshLayer: 0
  m_StaticEditorFlags: 0
  m_IsActive: 1
--- !u!4 &1812041999
Transform:
  m_ObjectHideFlags: 0
  m_CorrespondingSourceObject: {fileID: 4122989184962290, guid: 043bcd8ddf984c047899d887e504f30e,
    type: 2}
  m_PrefabInternal: {fileID: 0}
  m_GameObject: {fileID: 1812041998}
  m_LocalRotation: {x: -0, y: -0, z: -0, w: 1}
  m_LocalPosition: {x: 0, y: 0, z: 0}
  m_LocalScale: {x: 1, y: 1, z: 1}
  m_Children:
  - {fileID: 830291732}
  - {fileID: 1167318329}
  - {fileID: 702995401}
  m_Father: {fileID: 1371840006}
  m_RootOrder: 7
  m_LocalEulerAnglesHint: {x: 0, y: 0, z: 0}
--- !u!1001 &1852848388
Prefab:
  m_ObjectHideFlags: 0
  serializedVersion: 2
  m_Modification:
    m_TransformParent: {fileID: 0}
    m_Modifications:
    - target: {fileID: 4104262241435594, guid: c7de73934ed98764bab6fe937ed8b30d, type: 2}
      propertyPath: m_LocalPosition.x
      value: 12.98
      objectReference: {fileID: 0}
    - target: {fileID: 4104262241435594, guid: c7de73934ed98764bab6fe937ed8b30d, type: 2}
      propertyPath: m_LocalPosition.y
      value: -8.03
      objectReference: {fileID: 0}
    - target: {fileID: 4104262241435594, guid: c7de73934ed98764bab6fe937ed8b30d, type: 2}
      propertyPath: m_LocalPosition.z
      value: 0
      objectReference: {fileID: 0}
    - target: {fileID: 4104262241435594, guid: c7de73934ed98764bab6fe937ed8b30d, type: 2}
      propertyPath: m_LocalRotation.x
      value: 0
      objectReference: {fileID: 0}
    - target: {fileID: 4104262241435594, guid: c7de73934ed98764bab6fe937ed8b30d, type: 2}
      propertyPath: m_LocalRotation.y
      value: 0
      objectReference: {fileID: 0}
    - target: {fileID: 4104262241435594, guid: c7de73934ed98764bab6fe937ed8b30d, type: 2}
      propertyPath: m_LocalRotation.z
      value: 0
      objectReference: {fileID: 0}
    - target: {fileID: 4104262241435594, guid: c7de73934ed98764bab6fe937ed8b30d, type: 2}
      propertyPath: m_LocalRotation.w
      value: 1
      objectReference: {fileID: 0}
    - target: {fileID: 4104262241435594, guid: c7de73934ed98764bab6fe937ed8b30d, type: 2}
      propertyPath: m_RootOrder
      value: 7
      objectReference: {fileID: 0}
    m_RemovedComponents: []
  m_SourcePrefab: {fileID: 100100000, guid: c7de73934ed98764bab6fe937ed8b30d, type: 2}
  m_IsPrefabAsset: 0
--- !u!1 &1917390506
GameObject:
  m_ObjectHideFlags: 0
  m_CorrespondingSourceObject: {fileID: 1067969394562696, guid: 043bcd8ddf984c047899d887e504f30e,
    type: 2}
  m_PrefabInternal: {fileID: 0}
  serializedVersion: 6
  m_Component:
  - component: {fileID: 1917390507}
  - component: {fileID: 1917390509}
  - component: {fileID: 1917390508}
  m_Layer: 0
  m_Name: falldetector3
  m_TagString: Untagged
  m_Icon: {fileID: 0}
  m_NavMeshLayer: 0
  m_StaticEditorFlags: 0
  m_IsActive: 1
--- !u!4 &1917390507
Transform:
  m_ObjectHideFlags: 0
  m_CorrespondingSourceObject: {fileID: 4732106101918356, guid: 043bcd8ddf984c047899d887e504f30e,
    type: 2}
  m_PrefabInternal: {fileID: 0}
  m_GameObject: {fileID: 1917390506}
  m_LocalRotation: {x: -0, y: -0, z: 0.7071068, w: 0.7071068}
  m_LocalPosition: {x: 32.46, y: 2.41, z: 0}
  m_LocalScale: {x: 32, y: 1, z: 40}
  m_Children: []
  m_Father: {fileID: 1371840006}
  m_RootOrder: 3
  m_LocalEulerAnglesHint: {x: 0, y: 0, z: 90}
--- !u!114 &1917390508
MonoBehaviour:
  m_ObjectHideFlags: 0
  m_CorrespondingSourceObject: {fileID: 114055878530744660, guid: 043bcd8ddf984c047899d887e504f30e,
    type: 2}
  m_PrefabInternal: {fileID: 0}
  m_GameObject: {fileID: 1917390506}
  m_Enabled: 1
  m_EditorHideFlags: 0
  m_Script: {fileID: 11500000, guid: 4e2a061606d56ac489cb29f10f2c368e, type: 3}
  m_Name: 
  m_EditorClassIdentifier: 
--- !u!65 &1917390509
BoxCollider:
  m_ObjectHideFlags: 0
  m_CorrespondingSourceObject: {fileID: 65200367308368224, guid: 043bcd8ddf984c047899d887e504f30e,
    type: 2}
  m_PrefabInternal: {fileID: 0}
  m_GameObject: {fileID: 1917390506}
  m_Material: {fileID: 0}
  m_IsTrigger: 0
  m_Enabled: 1
  serializedVersion: 2
  m_Size: {x: 1, y: 1, z: 1}
  m_Center: {x: 0, y: 0, z: 0}
--- !u!1 &1974990311
GameObject:
  m_ObjectHideFlags: 0
  m_CorrespondingSourceObject: {fileID: 1492720645326414, guid: 043bcd8ddf984c047899d887e504f30e,
    type: 2}
  m_PrefabInternal: {fileID: 0}
  serializedVersion: 6
  m_Component:
  - component: {fileID: 1974990312}
  - component: {fileID: 1974990314}
  - component: {fileID: 1974990313}
  m_Layer: 0
  m_Name: tweaker1
  m_TagString: Untagged
  m_Icon: {fileID: 0}
  m_NavMeshLayer: 0
  m_StaticEditorFlags: 0
  m_IsActive: 1
--- !u!4 &1974990312
Transform:
  m_ObjectHideFlags: 0
  m_CorrespondingSourceObject: {fileID: 4426854901957402, guid: 043bcd8ddf984c047899d887e504f30e,
    type: 2}
  m_PrefabInternal: {fileID: 0}
  m_GameObject: {fileID: 1974990311}
  m_LocalRotation: {x: 0.7071068, y: 0.000000014901163, z: 0.0000000037252907, w: -0.7071068}
  m_LocalPosition: {x: 0, y: 0, z: 0}
  m_LocalScale: {x: 1, y: 1, z: 1}
  m_Children:
  - {fileID: 1380274718}
  m_Father: {fileID: 1612648724}
  m_RootOrder: 1
  m_LocalEulerAnglesHint: {x: 270, y: 0, z: 0}
--- !u!65 &1974990313
BoxCollider:
  m_ObjectHideFlags: 0
  m_CorrespondingSourceObject: {fileID: 65193831370270896, guid: 043bcd8ddf984c047899d887e504f30e,
    type: 2}
  m_PrefabInternal: {fileID: 0}
  m_GameObject: {fileID: 1974990311}
  m_Material: {fileID: 0}
  m_IsTrigger: 0
  m_Enabled: 1
  serializedVersion: 2
  m_Size: {x: 1, y: 5.179217, z: 1}
  m_Center: {x: -0.000002202372, y: 0.61236894, z: 0.0000020204868}
--- !u!114 &1974990314
MonoBehaviour:
  m_ObjectHideFlags: 0
  m_CorrespondingSourceObject: {fileID: 114136578152696338, guid: 043bcd8ddf984c047899d887e504f30e,
    type: 2}
  m_PrefabInternal: {fileID: 0}
  m_GameObject: {fileID: 1974990311}
  m_Enabled: 1
  m_EditorHideFlags: 0
  m_Script: {fileID: 11500000, guid: 124745d0a5a00ab4ba09884753c4c3b2, type: 3}
  m_Name: 
  m_EditorClassIdentifier: 
  clockWorker: {fileID: 830291730}
--- !u!1 &2040635005
GameObject:
  m_ObjectHideFlags: 0
  m_CorrespondingSourceObject: {fileID: 1492720645326414, guid: 043bcd8ddf984c047899d887e504f30e,
    type: 2}
  m_PrefabInternal: {fileID: 0}
  serializedVersion: 6
  m_Component:
  - component: {fileID: 2040635006}
  - component: {fileID: 2040635008}
  - component: {fileID: 2040635007}
  m_Layer: 0
  m_Name: tweaker1
  m_TagString: Untagged
  m_Icon: {fileID: 0}
  m_NavMeshLayer: 0
  m_StaticEditorFlags: 0
  m_IsActive: 1
--- !u!4 &2040635006
Transform:
  m_ObjectHideFlags: 0
  m_CorrespondingSourceObject: {fileID: 4426854901957402, guid: 043bcd8ddf984c047899d887e504f30e,
    type: 2}
  m_PrefabInternal: {fileID: 0}
  m_GameObject: {fileID: 2040635005}
  m_LocalRotation: {x: 0.7071068, y: 0.000000014901163, z: 0.0000000037252907, w: -0.7071068}
  m_LocalPosition: {x: 0, y: 0, z: 0}
  m_LocalScale: {x: 1, y: 1, z: 1}
  m_Children:
  - {fileID: 590018136}
  m_Father: {fileID: 1259536893}
  m_RootOrder: 1
  m_LocalEulerAnglesHint: {x: 270, y: 0, z: 0}
--- !u!65 &2040635007
BoxCollider:
  m_ObjectHideFlags: 0
  m_CorrespondingSourceObject: {fileID: 65193831370270896, guid: 043bcd8ddf984c047899d887e504f30e,
    type: 2}
  m_PrefabInternal: {fileID: 0}
  m_GameObject: {fileID: 2040635005}
  m_Material: {fileID: 0}
  m_IsTrigger: 0
  m_Enabled: 1
  serializedVersion: 2
  m_Size: {x: 1, y: 5.179217, z: 1}
  m_Center: {x: -0.000002202372, y: 0.61236894, z: 0.0000020204868}
--- !u!114 &2040635008
MonoBehaviour:
  m_ObjectHideFlags: 0
  m_CorrespondingSourceObject: {fileID: 114136578152696338, guid: 043bcd8ddf984c047899d887e504f30e,
    type: 2}
  m_PrefabInternal: {fileID: 0}
  m_GameObject: {fileID: 2040635005}
  m_Enabled: 1
  m_EditorHideFlags: 0
  m_Script: {fileID: 11500000, guid: 124745d0a5a00ab4ba09884753c4c3b2, type: 3}
  m_Name: 
  m_EditorClassIdentifier: 
  clockWorker: {fileID: 1167318328}
--- !u!1 &2045115627
GameObject:
  m_ObjectHideFlags: 0
  m_CorrespondingSourceObject: {fileID: 1221045787817124, guid: 043bcd8ddf984c047899d887e504f30e,
    type: 2}
  m_PrefabInternal: {fileID: 0}
  serializedVersion: 6
  m_Component:
  - component: {fileID: 2045115628}
  - component: {fileID: 2045115631}
  - component: {fileID: 2045115630}
  - component: {fileID: 2045115629}
  m_Layer: 0
  m_Name: BG
  m_TagString: Untagged
  m_Icon: {fileID: 0}
  m_NavMeshLayer: 0
  m_StaticEditorFlags: 0
  m_IsActive: 1
--- !u!4 &2045115628
Transform:
  m_ObjectHideFlags: 0
  m_CorrespondingSourceObject: {fileID: 4908097447836070, guid: 043bcd8ddf984c047899d887e504f30e,
    type: 2}
  m_PrefabInternal: {fileID: 0}
  m_GameObject: {fileID: 2045115627}
  m_LocalRotation: {x: -0, y: -0, z: -0, w: 1}
  m_LocalPosition: {x: 4.16, y: 2.07, z: 10}
  m_LocalScale: {x: 56.29017, y: 32.13276, z: 32.13276}
  m_Children: []
  m_Father: {fileID: 1371840006}
  m_RootOrder: 4
  m_LocalEulerAnglesHint: {x: 0, y: 0, z: 0}
--- !u!64 &2045115629
MeshCollider:
  m_ObjectHideFlags: 0
  m_CorrespondingSourceObject: {fileID: 64485664439793250, guid: 043bcd8ddf984c047899d887e504f30e,
    type: 2}
  m_PrefabInternal: {fileID: 0}
  m_GameObject: {fileID: 2045115627}
  m_Material: {fileID: 0}
  m_IsTrigger: 0
  m_Enabled: 1
  serializedVersion: 3
  m_Convex: 0
  m_CookingOptions: 14
  m_SkinWidth: 0.01
  m_Mesh: {fileID: 10210, guid: 0000000000000000e000000000000000, type: 0}
--- !u!23 &2045115630
MeshRenderer:
  m_ObjectHideFlags: 0
  m_CorrespondingSourceObject: {fileID: 23826829151148250, guid: 043bcd8ddf984c047899d887e504f30e,
    type: 2}
  m_PrefabInternal: {fileID: 0}
  m_GameObject: {fileID: 2045115627}
  m_Enabled: 1
  m_CastShadows: 1
  m_ReceiveShadows: 1
  m_DynamicOccludee: 1
  m_MotionVectors: 1
  m_LightProbeUsage: 1
  m_ReflectionProbeUsage: 1
  m_RenderingLayerMask: 4294967295
  m_Materials:
  - {fileID: 2100000, guid: 5db3915e3b9d8c7488ffb5211bd58c0d, type: 2}
  m_StaticBatchInfo:
    firstSubMesh: 0
    subMeshCount: 0
  m_StaticBatchRoot: {fileID: 0}
  m_ProbeAnchor: {fileID: 0}
  m_LightProbeVolumeOverride: {fileID: 0}
  m_ScaleInLightmap: 1
  m_PreserveUVs: 0
  m_IgnoreNormalsForChartDetection: 0
  m_ImportantGI: 0
  m_StitchLightmapSeams: 0
  m_SelectedEditorRenderState: 3
  m_MinimumChartSize: 4
  m_AutoUVMaxDistance: 0.5
  m_AutoUVMaxAngle: 89
  m_LightmapParameters: {fileID: 0}
  m_SortingLayerID: 0
  m_SortingLayer: 0
  m_SortingOrder: 0
--- !u!33 &2045115631
MeshFilter:
  m_ObjectHideFlags: 0
  m_CorrespondingSourceObject: {fileID: 33671770376026604, guid: 043bcd8ddf984c047899d887e504f30e,
    type: 2}
  m_PrefabInternal: {fileID: 0}
  m_GameObject: {fileID: 2045115627}
  m_Mesh: {fileID: 10210, guid: 0000000000000000e000000000000000, type: 0}
