%YAML 1.1
%TAG !u! tag:unity3d.com,2011:
--- !u!29 &1
OcclusionCullingSettings:
  m_ObjectHideFlags: 0
  serializedVersion: 2
  m_OcclusionBakeSettings:
    smallestOccluder: 5
    smallestHole: 0.25
    backfaceThreshold: 100
  m_SceneGUID: 00000000000000000000000000000000
  m_OcclusionCullingData: {fileID: 0}
--- !u!104 &2
RenderSettings:
  m_ObjectHideFlags: 0
  serializedVersion: 9
  m_Fog: 0
  m_FogColor: {r: 0.5, g: 0.5, b: 0.5, a: 1}
  m_FogMode: 3
  m_FogDensity: 0.01
  m_LinearFogStart: 0
  m_LinearFogEnd: 300
  m_AmbientSkyColor: {r: 0.212, g: 0.227, b: 0.259, a: 1}
  m_AmbientEquatorColor: {r: 0.114, g: 0.125, b: 0.133, a: 1}
  m_AmbientGroundColor: {r: 0.047, g: 0.043, b: 0.035, a: 1}
  m_AmbientIntensity: 1
  m_AmbientMode: 0
  m_SubtractiveShadowColor: {r: 0.42, g: 0.478, b: 0.627, a: 1}
  m_SkyboxMaterial: {fileID: 10304, guid: 0000000000000000f000000000000000, type: 0}
  m_HaloStrength: 0.5
  m_FlareStrength: 1
  m_FlareFadeSpeed: 3
  m_HaloTexture: {fileID: 0}
  m_SpotCookie: {fileID: 10001, guid: 0000000000000000e000000000000000, type: 0}
  m_DefaultReflectionMode: 0
  m_DefaultReflectionResolution: 128
  m_ReflectionBounces: 1
  m_ReflectionIntensity: 1
  m_CustomReflection: {fileID: 0}
  m_Sun: {fileID: 0}
  m_IndirectSpecularColor: {r: 0.44657874, g: 0.49641258, b: 0.5748172, a: 1}
  m_UseRadianceAmbientProbe: 0
--- !u!157 &3
LightmapSettings:
  m_ObjectHideFlags: 0
  serializedVersion: 11
  m_GIWorkflowMode: 1
  m_GISettings:
    serializedVersion: 2
    m_BounceScale: 1
    m_IndirectOutputScale: 1
    m_AlbedoBoost: 1
    m_TemporalCoherenceThreshold: 1
    m_EnvironmentLightingMode: 0
    m_EnableBakedLightmaps: 1
    m_EnableRealtimeLightmaps: 0
  m_LightmapEditorSettings:
    serializedVersion: 10
    m_Resolution: 2
    m_BakeResolution: 10
    m_AtlasSize: 512
    m_AO: 0
    m_AOMaxDistance: 1
    m_CompAOExponent: 1
    m_CompAOExponentDirect: 0
    m_Padding: 2
    m_LightmapParameters: {fileID: 0}
    m_LightmapsBakeMode: 1
    m_TextureCompression: 1
    m_FinalGather: 0
    m_FinalGatherFiltering: 1
    m_FinalGatherRayCount: 256
    m_ReflectionCompression: 2
    m_MixedBakeMode: 2
    m_BakeBackend: 1
    m_PVRSampling: 1
    m_PVRDirectSampleCount: 32
    m_PVRSampleCount: 256
    m_PVRBounces: 2
    m_PVRFilterTypeDirect: 0
    m_PVRFilterTypeIndirect: 0
    m_PVRFilterTypeAO: 0
    m_PVRFilteringMode: 1
    m_PVRCulling: 1
    m_PVRFilteringGaussRadiusDirect: 1
    m_PVRFilteringGaussRadiusIndirect: 5
    m_PVRFilteringGaussRadiusAO: 2
    m_PVRFilteringAtrousPositionSigmaDirect: 0.5
    m_PVRFilteringAtrousPositionSigmaIndirect: 2
    m_PVRFilteringAtrousPositionSigmaAO: 1
    m_ShowResolutionOverlay: 1
  m_LightingDataAsset: {fileID: 112000002, guid: 6e1c0dec8baf87045918373492e864fb,
    type: 2}
  m_UseShadowmask: 1
--- !u!196 &4
NavMeshSettings:
  serializedVersion: 2
  m_ObjectHideFlags: 0
  m_BuildSettings:
    serializedVersion: 2
    agentTypeID: 0
    agentRadius: 0.5
    agentHeight: 2
    agentSlope: 45
    agentClimb: 0.4
    ledgeDropHeight: 0
    maxJumpAcrossDistance: 0
    minRegionArea: 2
    manualCellSize: 0
    cellSize: 0.16666667
    manualTileSize: 0
    tileSize: 256
    accuratePlacement: 0
    debug:
      m_Flags: 0
  m_NavMeshData: {fileID: 0}
--- !u!1 &8619306
GameObject:
  m_ObjectHideFlags: 0
  m_CorrespondingSourceObject: {fileID: 1123177183916182, guid: 043bcd8ddf984c047899d887e504f30e,
    type: 2}
  m_PrefabInternal: {fileID: 0}
  serializedVersion: 6
  m_Component:
  - component: {fileID: 1396157312}
  - component: {fileID: 1396157313}
  - component: {fileID: 8619307}
  m_Layer: 0
  m_Name: level
  m_TagString: Untagged
  m_Icon: {fileID: 0}
  m_NavMeshLayer: 0
  m_StaticEditorFlags: 0
  m_IsActive: 1
--- !u!82 &8619307
AudioSource:
  m_ObjectHideFlags: 0
  m_CorrespondingSourceObject: {fileID: 0}
  m_PrefabInternal: {fileID: 0}
  m_GameObject: {fileID: 8619306}
  m_Enabled: 1
  serializedVersion: 4
  OutputAudioMixerGroup: {fileID: 0}
  m_audioClip: {fileID: 0}
  m_PlayOnAwake: 0
  m_Volume: 1
  m_Pitch: 1
  Loop: 0
  Mute: 0
  Spatialize: 0
  SpatializePostEffects: 0
  Priority: 128
  DopplerLevel: 1
  MinDistance: 1
  MaxDistance: 500
  Pan2D: 0
  rolloffMode: 0
  BypassEffects: 0
  BypassListenerEffects: 0
  BypassReverbZones: 0
  rolloffCustomCurve:
    serializedVersion: 2
    m_Curve:
    - serializedVersion: 3
      time: 0
      value: 1
      inSlope: 0
      outSlope: 0
      tangentMode: 0
      weightedMode: 0
      inWeight: 0.33333334
      outWeight: 0.33333334
    - serializedVersion: 3
      time: 1
      value: 0
      inSlope: 0
      outSlope: 0
      tangentMode: 0
      weightedMode: 0
      inWeight: 0.33333334
      outWeight: 0.33333334
    m_PreInfinity: 2
    m_PostInfinity: 2
    m_RotationOrder: 4
  panLevelCustomCurve:
    serializedVersion: 2
    m_Curve:
    - serializedVersion: 3
      time: 0
      value: 0
      inSlope: 0
      outSlope: 0
      tangentMode: 0
      weightedMode: 0
      inWeight: 0.33333334
      outWeight: 0.33333334
    m_PreInfinity: 2
    m_PostInfinity: 2
    m_RotationOrder: 4
  spreadCustomCurve:
    serializedVersion: 2
    m_Curve:
    - serializedVersion: 3
      time: 0
      value: 0
      inSlope: 0
      outSlope: 0
      tangentMode: 0
      weightedMode: 0
      inWeight: 0.33333334
      outWeight: 0.33333334
    m_PreInfinity: 2
    m_PostInfinity: 2
    m_RotationOrder: 4
  reverbZoneMixCustomCurve:
    serializedVersion: 2
    m_Curve:
    - serializedVersion: 3
      time: 0
      value: 1
      inSlope: 0
      outSlope: 0
      tangentMode: 0
      weightedMode: 0
      inWeight: 0.33333334
      outWeight: 0.33333334
    m_PreInfinity: 2
    m_PostInfinity: 2
    m_RotationOrder: 4
--- !u!4 &44652030 stripped
Transform:
  m_CorrespondingSourceObject: {fileID: 4363856431691394, guid: 198d443d3f6ba2545950b48d5a0973ed,
    type: 2}
  m_PrefabInternal: {fileID: 322131508}
--- !u!1 &170076733
GameObject:
  m_ObjectHideFlags: 0
  m_CorrespondingSourceObject: {fileID: 0}
  m_PrefabInternal: {fileID: 0}
  serializedVersion: 6
  m_Component:
  - component: {fileID: 170076735}
  - component: {fileID: 170076734}
  m_Layer: 0
  m_Name: Directional Light
  m_TagString: Untagged
  m_Icon: {fileID: 0}
  m_NavMeshLayer: 0
  m_StaticEditorFlags: 0
  m_IsActive: 1
--- !u!108 &170076734
Light:
  m_ObjectHideFlags: 0
  m_CorrespondingSourceObject: {fileID: 0}
  m_PrefabInternal: {fileID: 0}
  m_GameObject: {fileID: 170076733}
  m_Enabled: 1
  serializedVersion: 8
  m_Type: 1
  m_Color: {r: 1, g: 0.95686275, b: 0.8392157, a: 1}
  m_Intensity: 1
  m_Range: 10
  m_SpotAngle: 30
  m_CookieSize: 10
  m_Shadows:
    m_Type: 2
    m_Resolution: -1
    m_CustomResolution: -1
    m_Strength: 1
    m_Bias: 0.05
    m_NormalBias: 0.4
    m_NearPlane: 0.2
  m_Cookie: {fileID: 0}
  m_DrawHalo: 0
  m_Flare: {fileID: 0}
  m_RenderMode: 0
  m_CullingMask:
    serializedVersion: 2
    m_Bits: 4294967295
  m_Lightmapping: 1
  m_LightShadowCasterMode: 0
  m_AreaSize: {x: 1, y: 1}
  m_BounceIntensity: 1
  m_ColorTemperature: 6570
  m_UseColorTemperature: 0
  m_ShadowRadius: 0
  m_ShadowAngle: 0
--- !u!4 &170076735
Transform:
  m_ObjectHideFlags: 0
  m_CorrespondingSourceObject: {fileID: 0}
  m_PrefabInternal: {fileID: 0}
  m_GameObject: {fileID: 170076733}
  m_LocalRotation: {x: 0.40821788, y: -0.23456968, z: 0.10938163, w: 0.8754261}
  m_LocalPosition: {x: 0, y: 3, z: 0}
  m_LocalScale: {x: 1, y: 1, z: 1}
  m_Children: []
  m_Father: {fileID: 0}
  m_RootOrder: 0
  m_LocalEulerAnglesHint: {x: 50, y: -30, z: 0}
--- !u!4 &181276471 stripped
Transform:
  m_CorrespondingSourceObject: {fileID: 4104262241435594, guid: c7de73934ed98764bab6fe937ed8b30d,
    type: 2}
  m_PrefabInternal: {fileID: 950880039}
--- !u!1001 &285321058
Prefab:
  m_ObjectHideFlags: 0
  serializedVersion: 2
  m_Modification:
    m_TransformParent: {fileID: 1396157312}
    m_Modifications:
    - target: {fileID: 4365618244171452, guid: a096bab53d86eb54491c4586160889eb, type: 2}
      propertyPath: m_LocalPosition.x
      value: -4.160408
      objectReference: {fileID: 0}
    - target: {fileID: 4365618244171452, guid: a096bab53d86eb54491c4586160889eb, type: 2}
      propertyPath: m_LocalPosition.y
      value: 14.07333
      objectReference: {fileID: 0}
    - target: {fileID: 4365618244171452, guid: a096bab53d86eb54491c4586160889eb, type: 2}
      propertyPath: m_LocalPosition.z
      value: 0.059981525
      objectReference: {fileID: 0}
    - target: {fileID: 4365618244171452, guid: a096bab53d86eb54491c4586160889eb, type: 2}
      propertyPath: m_LocalRotation.x
      value: 1
      objectReference: {fileID: 0}
    - target: {fileID: 4365618244171452, guid: a096bab53d86eb54491c4586160889eb, type: 2}
      propertyPath: m_LocalRotation.y
      value: -0
      objectReference: {fileID: 0}
    - target: {fileID: 4365618244171452, guid: a096bab53d86eb54491c4586160889eb, type: 2}
      propertyPath: m_LocalRotation.z
      value: -0
      objectReference: {fileID: 0}
    - target: {fileID: 4365618244171452, guid: a096bab53d86eb54491c4586160889eb, type: 2}
      propertyPath: m_LocalRotation.w
      value: 0
      objectReference: {fileID: 0}
    - target: {fileID: 4365618244171452, guid: a096bab53d86eb54491c4586160889eb, type: 2}
      propertyPath: m_RootOrder
      value: 4
      objectReference: {fileID: 0}
    m_RemovedComponents: []
  m_SourcePrefab: {fileID: 100100000, guid: a096bab53d86eb54491c4586160889eb, type: 2}
  m_IsPrefabAsset: 0
--- !u!1001 &322131508
Prefab:
  m_ObjectHideFlags: 0
  serializedVersion: 2
  m_Modification:
    m_TransformParent: {fileID: 1633724470}
    m_Modifications:
    - target: {fileID: 4363856431691394, guid: 198d443d3f6ba2545950b48d5a0973ed, type: 2}
      propertyPath: m_LocalPosition.x
      value: 0
      objectReference: {fileID: 0}
    - target: {fileID: 4363856431691394, guid: 198d443d3f6ba2545950b48d5a0973ed, type: 2}
      propertyPath: m_LocalPosition.y
      value: 2.2
      objectReference: {fileID: 0}
    - target: {fileID: 4363856431691394, guid: 198d443d3f6ba2545950b48d5a0973ed, type: 2}
      propertyPath: m_LocalPosition.z
      value: 0
      objectReference: {fileID: 0}
    - target: {fileID: 4363856431691394, guid: 198d443d3f6ba2545950b48d5a0973ed, type: 2}
      propertyPath: m_LocalRotation.x
      value: 0.25000006
      objectReference: {fileID: 0}
    - target: {fileID: 4363856431691394, guid: 198d443d3f6ba2545950b48d5a0973ed, type: 2}
      propertyPath: m_LocalRotation.y
      value: -0.24999997
      objectReference: {fileID: 0}
    - target: {fileID: 4363856431691394, guid: 198d443d3f6ba2545950b48d5a0973ed, type: 2}
      propertyPath: m_LocalRotation.z
      value: 0.066987306
      objectReference: {fileID: 0}
    - target: {fileID: 4363856431691394, guid: 198d443d3f6ba2545950b48d5a0973ed, type: 2}
      propertyPath: m_LocalRotation.w
      value: 0.9330127
      objectReference: {fileID: 0}
    - target: {fileID: 4363856431691394, guid: 198d443d3f6ba2545950b48d5a0973ed, type: 2}
      propertyPath: m_RootOrder
      value: 0
      objectReference: {fileID: 0}
    - target: {fileID: 114723451737978666, guid: 198d443d3f6ba2545950b48d5a0973ed,
        type: 2}
      propertyPath: clockWorker
      value: 
      objectReference: {fileID: 1479731912}
    m_RemovedComponents: []
  m_SourcePrefab: {fileID: 100100000, guid: 198d443d3f6ba2545950b48d5a0973ed, type: 2}
  m_IsPrefabAsset: 0
--- !u!1001 &484408266
Prefab:
  m_ObjectHideFlags: 0
  serializedVersion: 2
  m_Modification:
    m_TransformParent: {fileID: 1367607466}
    m_Modifications:
    - target: {fileID: 4966745485185892, guid: 3753e633c6fcaef41843e5f0d23dc3a2, type: 2}
      propertyPath: m_LocalPosition.x
      value: -4.48
      objectReference: {fileID: 0}
    - target: {fileID: 4966745485185892, guid: 3753e633c6fcaef41843e5f0d23dc3a2, type: 2}
      propertyPath: m_LocalPosition.y
      value: 7.21
      objectReference: {fileID: 0}
    - target: {fileID: 4966745485185892, guid: 3753e633c6fcaef41843e5f0d23dc3a2, type: 2}
      propertyPath: m_LocalPosition.z
      value: 0
      objectReference: {fileID: 0}
    - target: {fileID: 4966745485185892, guid: 3753e633c6fcaef41843e5f0d23dc3a2, type: 2}
      propertyPath: m_LocalRotation.x
      value: 0
      objectReference: {fileID: 0}
    - target: {fileID: 4966745485185892, guid: 3753e633c6fcaef41843e5f0d23dc3a2, type: 2}
      propertyPath: m_LocalRotation.y
      value: 0
      objectReference: {fileID: 0}
    - target: {fileID: 4966745485185892, guid: 3753e633c6fcaef41843e5f0d23dc3a2, type: 2}
      propertyPath: m_LocalRotation.z
      value: -0.7071068
      objectReference: {fileID: 0}
    - target: {fileID: 4966745485185892, guid: 3753e633c6fcaef41843e5f0d23dc3a2, type: 2}
      propertyPath: m_LocalRotation.w
      value: 0.7071068
      objectReference: {fileID: 0}
    - target: {fileID: 4966745485185892, guid: 3753e633c6fcaef41843e5f0d23dc3a2, type: 2}
      propertyPath: m_RootOrder
      value: 2
      objectReference: {fileID: 0}
    - target: {fileID: 114089717372007734, guid: 3753e633c6fcaef41843e5f0d23dc3a2,
        type: 2}
      propertyPath: rateOfRotation
      value: 100
      objectReference: {fileID: 0}
    - target: {fileID: 114089717372007734, guid: 3753e633c6fcaef41843e5f0d23dc3a2,
        type: 2}
      propertyPath: boundLow
      value: -90
      objectReference: {fileID: 0}
    - target: {fileID: 114089717372007734, guid: 3753e633c6fcaef41843e5f0d23dc3a2,
        type: 2}
      propertyPath: boundHigh
      value: 90
      objectReference: {fileID: 0}
    - target: {fileID: 4966745485185892, guid: 3753e633c6fcaef41843e5f0d23dc3a2, type: 2}
      propertyPath: m_LocalEulerAnglesHint.y
      value: 0
      objectReference: {fileID: 0}
    - target: {fileID: 4966745485185892, guid: 3753e633c6fcaef41843e5f0d23dc3a2, type: 2}
      propertyPath: m_LocalEulerAnglesHint.x
      value: 0
      objectReference: {fileID: 0}
    - target: {fileID: 4966745485185892, guid: 3753e633c6fcaef41843e5f0d23dc3a2, type: 2}
      propertyPath: m_LocalEulerAnglesHint.z
      value: -90
      objectReference: {fileID: 0}
    - target: {fileID: 4823490762130668, guid: 3753e633c6fcaef41843e5f0d23dc3a2, type: 2}
      propertyPath: m_LocalScale.x
      value: 2.5991
      objectReference: {fileID: 0}
    - target: {fileID: 4823490762130668, guid: 3753e633c6fcaef41843e5f0d23dc3a2, type: 2}
      propertyPath: m_LocalPosition.x
      value: 1.19
      objectReference: {fileID: 0}
    m_RemovedComponents: []
  m_SourcePrefab: {fileID: 100100000, guid: 3753e633c6fcaef41843e5f0d23dc3a2, type: 2}
  m_IsPrefabAsset: 0
--- !u!1001 &508445557
Prefab:
  m_ObjectHideFlags: 0
  serializedVersion: 2
  m_Modification:
    m_TransformParent: {fileID: 1633724470}
    m_Modifications:
    - target: {fileID: 4363856431691394, guid: 198d443d3f6ba2545950b48d5a0973ed, type: 2}
      propertyPath: m_LocalPosition.x
      value: -0.26
      objectReference: {fileID: 0}
    - target: {fileID: 4363856431691394, guid: 198d443d3f6ba2545950b48d5a0973ed, type: 2}
      propertyPath: m_LocalPosition.y
      value: -0.5700002
      objectReference: {fileID: 0}
    - target: {fileID: 4363856431691394, guid: 198d443d3f6ba2545950b48d5a0973ed, type: 2}
      propertyPath: m_LocalPosition.z
      value: 0
      objectReference: {fileID: 0}
    - target: {fileID: 4363856431691394, guid: 198d443d3f6ba2545950b48d5a0973ed, type: 2}
      propertyPath: m_LocalRotation.x
      value: 0.25000006
      objectReference: {fileID: 0}
    - target: {fileID: 4363856431691394, guid: 198d443d3f6ba2545950b48d5a0973ed, type: 2}
      propertyPath: m_LocalRotation.y
      value: -0.24999997
      objectReference: {fileID: 0}
    - target: {fileID: 4363856431691394, guid: 198d443d3f6ba2545950b48d5a0973ed, type: 2}
      propertyPath: m_LocalRotation.z
      value: 0.066987306
      objectReference: {fileID: 0}
    - target: {fileID: 4363856431691394, guid: 198d443d3f6ba2545950b48d5a0973ed, type: 2}
      propertyPath: m_LocalRotation.w
      value: 0.9330127
      objectReference: {fileID: 0}
    - target: {fileID: 4363856431691394, guid: 198d443d3f6ba2545950b48d5a0973ed, type: 2}
      propertyPath: m_RootOrder
      value: 1
      objectReference: {fileID: 0}
    - target: {fileID: 1765692295536804, guid: 198d443d3f6ba2545950b48d5a0973ed, type: 2}
      propertyPath: m_Name
      value: Controller1 (1)
      objectReference: {fileID: 0}
    - target: {fileID: 114723451737978666, guid: 198d443d3f6ba2545950b48d5a0973ed,
        type: 2}
      propertyPath: clockWorker
      value: 
      objectReference: {fileID: 781368793}
    m_RemovedComponents: []
  m_SourcePrefab: {fileID: 100100000, guid: 198d443d3f6ba2545950b48d5a0973ed, type: 2}
  m_IsPrefabAsset: 0
--- !u!4 &508445558 stripped
Transform:
  m_CorrespondingSourceObject: {fileID: 4363856431691394, guid: 198d443d3f6ba2545950b48d5a0973ed,
    type: 2}
  m_PrefabInternal: {fileID: 508445557}
--- !u!114 &651237336 stripped
MonoBehaviour:
  m_CorrespondingSourceObject: {fileID: 114350057347252784, guid: 18a79223fc752154aaefc6f6000d2563,
    type: 2}
  m_PrefabInternal: {fileID: 1055070513}
  m_Script: {fileID: 708705254, guid: f70555f144d8491a825f0804e09c671c, type: 3}
--- !u!114 &728678393 stripped
MonoBehaviour:
  m_CorrespondingSourceObject: {fileID: 114779140636529278, guid: 18a79223fc752154aaefc6f6000d2563,
    type: 2}
  m_PrefabInternal: {fileID: 1055070513}
  m_Script: {fileID: 708705254, guid: f70555f144d8491a825f0804e09c671c, type: 3}
--- !u!1001 &749079590
Prefab:
  m_ObjectHideFlags: 0
  serializedVersion: 2
  m_Modification:
    m_TransformParent: {fileID: 0}
    m_Modifications:
    - target: {fileID: 4146464994422220, guid: 75c8fbc43c315bb46a6f60e4e4cd32b7, type: 2}
      propertyPath: m_LocalPosition.x
      value: 0
      objectReference: {fileID: 0}
    - target: {fileID: 4146464994422220, guid: 75c8fbc43c315bb46a6f60e4e4cd32b7, type: 2}
      propertyPath: m_LocalPosition.y
      value: 0
      objectReference: {fileID: 0}
    - target: {fileID: 4146464994422220, guid: 75c8fbc43c315bb46a6f60e4e4cd32b7, type: 2}
      propertyPath: m_LocalPosition.z
      value: 0
      objectReference: {fileID: 0}
    - target: {fileID: 4146464994422220, guid: 75c8fbc43c315bb46a6f60e4e4cd32b7, type: 2}
      propertyPath: m_LocalRotation.x
      value: 0
      objectReference: {fileID: 0}
    - target: {fileID: 4146464994422220, guid: 75c8fbc43c315bb46a6f60e4e4cd32b7, type: 2}
      propertyPath: m_LocalRotation.y
      value: 0
      objectReference: {fileID: 0}
    - target: {fileID: 4146464994422220, guid: 75c8fbc43c315bb46a6f60e4e4cd32b7, type: 2}
      propertyPath: m_LocalRotation.z
      value: 0
      objectReference: {fileID: 0}
    - target: {fileID: 4146464994422220, guid: 75c8fbc43c315bb46a6f60e4e4cd32b7, type: 2}
      propertyPath: m_LocalRotation.w
      value: 1
      objectReference: {fileID: 0}
    - target: {fileID: 4146464994422220, guid: 75c8fbc43c315bb46a6f60e4e4cd32b7, type: 2}
      propertyPath: m_RootOrder
      value: 3
      objectReference: {fileID: 0}
    m_RemovedComponents: []
  m_SourcePrefab: {fileID: 100100000, guid: 75c8fbc43c315bb46a6f60e4e4cd32b7, type: 2}
  m_IsPrefabAsset: 0
--- !u!1 &781368793 stripped
GameObject:
  m_CorrespondingSourceObject: {fileID: 1682938369674252, guid: 3753e633c6fcaef41843e5f0d23dc3a2,
    type: 2}
  m_PrefabInternal: {fileID: 1312006794}
--- !u!1 &812890866
GameObject:
  m_ObjectHideFlags: 0
  m_CorrespondingSourceObject: {fileID: 1564524061740846, guid: 043bcd8ddf984c047899d887e504f30e,
    type: 2}
  m_PrefabInternal: {fileID: 0}
  serializedVersion: 6
  m_Component:
  - component: {fileID: 812890867}
  - component: {fileID: 812890870}
  - component: {fileID: 812890869}
  - component: {fileID: 812890868}
  m_Layer: 0
  m_Name: falldetector
  m_TagString: Untagged
  m_Icon: {fileID: 0}
  m_NavMeshLayer: 0
  m_StaticEditorFlags: 0
  m_IsActive: 1
--- !u!4 &812890867
Transform:
  m_ObjectHideFlags: 0
  m_CorrespondingSourceObject: {fileID: 4392589733305848, guid: 043bcd8ddf984c047899d887e504f30e,
    type: 2}
  m_PrefabInternal: {fileID: 0}
  m_GameObject: {fileID: 812890866}
  m_LocalRotation: {x: 0, y: 0, z: 0, w: 1}
  m_LocalPosition: {x: 4.1, y: -4.73, z: 0}
  m_LocalScale: {x: 56.364002, y: 1.32, z: 34.61172}
  m_Children: []
  m_Father: {fileID: 1396157312}
  m_RootOrder: 0
  m_LocalEulerAnglesHint: {x: 0, y: 0, z: 0}
--- !u!114 &812890868
MonoBehaviour:
  m_ObjectHideFlags: 0
  m_CorrespondingSourceObject: {fileID: 0}
  m_PrefabInternal: {fileID: 0}
  m_GameObject: {fileID: 812890866}
  m_Enabled: 1
  m_EditorHideFlags: 0
  m_Script: {fileID: 11500000, guid: 4e2a061606d56ac489cb29f10f2c368e, type: 3}
  m_Name: 
  m_EditorClassIdentifier: 
--- !u!114 &812890869
MonoBehaviour:
  m_ObjectHideFlags: 0
  m_CorrespondingSourceObject: {fileID: 114893340457432426, guid: 043bcd8ddf984c047899d887e504f30e,
    type: 2}
  m_PrefabInternal: {fileID: 0}
  m_GameObject: {fileID: 812890866}
  m_Enabled: 1
  m_EditorHideFlags: 0
  m_Script: {fileID: 11500000, guid: 4e2a061606d56ac489cb29f10f2c368e, type: 3}
  m_Name: 
  m_EditorClassIdentifier: 
--- !u!65 &812890870
BoxCollider:
  m_ObjectHideFlags: 0
  m_CorrespondingSourceObject: {fileID: 65216970917655738, guid: 043bcd8ddf984c047899d887e504f30e,
    type: 2}
  m_PrefabInternal: {fileID: 0}
  m_GameObject: {fileID: 812890866}
  m_Material: {fileID: 0}
  m_IsTrigger: 1
  m_Enabled: 1
  serializedVersion: 2
  m_Size: {x: 1, y: 1, z: 1}
  m_Center: {x: 0, y: 0, z: 0}
--- !u!1 &891605750
GameObject:
  m_ObjectHideFlags: 0
  m_CorrespondingSourceObject: {fileID: 1086417807588588, guid: 043bcd8ddf984c047899d887e504f30e,
    type: 2}
  m_PrefabInternal: {fileID: 0}
  serializedVersion: 6
  m_Component:
  - component: {fileID: 891605751}
  - component: {fileID: 891605753}
  - component: {fileID: 891605752}
  m_Layer: 0
  m_Name: falldetector2
  m_TagString: Untagged
  m_Icon: {fileID: 0}
  m_NavMeshLayer: 0
  m_StaticEditorFlags: 0
  m_IsActive: 1
--- !u!4 &891605751
Transform:
  m_ObjectHideFlags: 0
  m_CorrespondingSourceObject: {fileID: 4209852985079798, guid: 043bcd8ddf984c047899d887e504f30e,
    type: 2}
  m_PrefabInternal: {fileID: 0}
  m_GameObject: {fileID: 891605750}
  m_LocalRotation: {x: -0, y: -0, z: 0.7071068, w: 0.7071068}
  m_LocalPosition: {x: -24.74, y: 2.41, z: 0}
  m_LocalScale: {x: 32, y: 1, z: 40}
  m_Children: []
  m_Father: {fileID: 1396157312}
  m_RootOrder: 6
  m_LocalEulerAnglesHint: {x: 0, y: 0, z: 90}
--- !u!114 &891605752
MonoBehaviour:
  m_ObjectHideFlags: 0
  m_CorrespondingSourceObject: {fileID: 114058507588810790, guid: 043bcd8ddf984c047899d887e504f30e,
    type: 2}
  m_PrefabInternal: {fileID: 0}
  m_GameObject: {fileID: 891605750}
  m_Enabled: 1
  m_EditorHideFlags: 0
  m_Script: {fileID: 11500000, guid: 4e2a061606d56ac489cb29f10f2c368e, type: 3}
  m_Name: 
  m_EditorClassIdentifier: 
--- !u!65 &891605753
BoxCollider:
  m_ObjectHideFlags: 0
  m_CorrespondingSourceObject: {fileID: 65402184068345046, guid: 043bcd8ddf984c047899d887e504f30e,
    type: 2}
  m_PrefabInternal: {fileID: 0}
  m_GameObject: {fileID: 891605750}
  m_Material: {fileID: 0}
  m_IsTrigger: 0
  m_Enabled: 1
  serializedVersion: 2
  m_Size: {x: 1, y: 1, z: 1}
  m_Center: {x: 0, y: 0, z: 0}
--- !u!4 &939023944 stripped
Transform:
  m_CorrespondingSourceObject: {fileID: 4365618244171452, guid: a096bab53d86eb54491c4586160889eb,
    type: 2}
  m_PrefabInternal: {fileID: 285321058}
--- !u!1001 &950880039
Prefab:
  m_ObjectHideFlags: 0
  serializedVersion: 2
  m_Modification:
    m_TransformParent: {fileID: 1396157312}
    m_Modifications:
    - target: {fileID: 4104262241435594, guid: c7de73934ed98764bab6fe937ed8b30d, type: 2}
      propertyPath: m_LocalPosition.x
      value: -0.409
      objectReference: {fileID: 0}
    - target: {fileID: 4104262241435594, guid: c7de73934ed98764bab6fe937ed8b30d, type: 2}
      propertyPath: m_LocalPosition.y
      value: -3.51
      objectReference: {fileID: 0}
    - target: {fileID: 4104262241435594, guid: c7de73934ed98764bab6fe937ed8b30d, type: 2}
      propertyPath: m_LocalPosition.z
      value: 0.059981525
      objectReference: {fileID: 0}
    - target: {fileID: 4104262241435594, guid: c7de73934ed98764bab6fe937ed8b30d, type: 2}
      propertyPath: m_LocalRotation.x
      value: -0
      objectReference: {fileID: 0}
    - target: {fileID: 4104262241435594, guid: c7de73934ed98764bab6fe937ed8b30d, type: 2}
      propertyPath: m_LocalRotation.y
      value: -0
      objectReference: {fileID: 0}
    - target: {fileID: 4104262241435594, guid: c7de73934ed98764bab6fe937ed8b30d, type: 2}
      propertyPath: m_LocalRotation.z
      value: -0
      objectReference: {fileID: 0}
    - target: {fileID: 4104262241435594, guid: c7de73934ed98764bab6fe937ed8b30d, type: 2}
      propertyPath: m_LocalRotation.w
      value: 1
      objectReference: {fileID: 0}
    - target: {fileID: 4104262241435594, guid: c7de73934ed98764bab6fe937ed8b30d, type: 2}
      propertyPath: m_RootOrder
      value: 3
      objectReference: {fileID: 0}
    m_RemovedComponents: []
  m_SourcePrefab: {fileID: 100100000, guid: c7de73934ed98764bab6fe937ed8b30d, type: 2}
  m_IsPrefabAsset: 0
--- !u!1001 &1055070513
Prefab:
  m_ObjectHideFlags: 0
  serializedVersion: 2
  m_Modification:
    m_TransformParent: {fileID: 0}
    m_Modifications:
    - target: {fileID: 114363035411089126, guid: 18a79223fc752154aaefc6f6000d2563,
        type: 2}
      propertyPath: m_OnClick.m_PersistentCalls.m_Calls.Array.size
      value: 2
      objectReference: {fileID: 0}
    - target: {fileID: 224464305805180102, guid: 18a79223fc752154aaefc6f6000d2563,
        type: 2}
      propertyPath: m_LocalPosition.x
      value: 0
      objectReference: {fileID: 0}
    - target: {fileID: 224464305805180102, guid: 18a79223fc752154aaefc6f6000d2563,
        type: 2}
      propertyPath: m_LocalPosition.y
      value: 0
      objectReference: {fileID: 0}
    - target: {fileID: 224464305805180102, guid: 18a79223fc752154aaefc6f6000d2563,
        type: 2}
      propertyPath: m_LocalPosition.z
      value: 0
      objectReference: {fileID: 0}
    - target: {fileID: 224464305805180102, guid: 18a79223fc752154aaefc6f6000d2563,
        type: 2}
      propertyPath: m_LocalRotation.x
      value: 0
      objectReference: {fileID: 0}
    - target: {fileID: 224464305805180102, guid: 18a79223fc752154aaefc6f6000d2563,
        type: 2}
      propertyPath: m_LocalRotation.y
      value: 0
      objectReference: {fileID: 0}
    - target: {fileID: 224464305805180102, guid: 18a79223fc752154aaefc6f6000d2563,
        type: 2}
      propertyPath: m_LocalRotation.z
      value: 0
      objectReference: {fileID: 0}
    - target: {fileID: 224464305805180102, guid: 18a79223fc752154aaefc6f6000d2563,
        type: 2}
      propertyPath: m_LocalRotation.w
      value: 1
      objectReference: {fileID: 0}
    - target: {fileID: 224464305805180102, guid: 18a79223fc752154aaefc6f6000d2563,
        type: 2}
      propertyPath: m_RootOrder
      value: 2
      objectReference: {fileID: 0}
    - target: {fileID: 224464305805180102, guid: 18a79223fc752154aaefc6f6000d2563,
        type: 2}
      propertyPath: m_AnchoredPosition.x
      value: 0
      objectReference: {fileID: 0}
    - target: {fileID: 224464305805180102, guid: 18a79223fc752154aaefc6f6000d2563,
        type: 2}
      propertyPath: m_AnchoredPosition.y
      value: 0
      objectReference: {fileID: 0}
    - target: {fileID: 224464305805180102, guid: 18a79223fc752154aaefc6f6000d2563,
        type: 2}
      propertyPath: m_SizeDelta.x
      value: 0
      objectReference: {fileID: 0}
    - target: {fileID: 224464305805180102, guid: 18a79223fc752154aaefc6f6000d2563,
        type: 2}
      propertyPath: m_SizeDelta.y
      value: 0
      objectReference: {fileID: 0}
    - target: {fileID: 224464305805180102, guid: 18a79223fc752154aaefc6f6000d2563,
        type: 2}
      propertyPath: m_AnchorMin.x
      value: 0
      objectReference: {fileID: 0}
    - target: {fileID: 224464305805180102, guid: 18a79223fc752154aaefc6f6000d2563,
        type: 2}
      propertyPath: m_AnchorMin.y
      value: 0
      objectReference: {fileID: 0}
    - target: {fileID: 224464305805180102, guid: 18a79223fc752154aaefc6f6000d2563,
        type: 2}
      propertyPath: m_AnchorMax.x
      value: 0
      objectReference: {fileID: 0}
    - target: {fileID: 224464305805180102, guid: 18a79223fc752154aaefc6f6000d2563,
        type: 2}
      propertyPath: m_AnchorMax.y
      value: 0
      objectReference: {fileID: 0}
    - target: {fileID: 224464305805180102, guid: 18a79223fc752154aaefc6f6000d2563,
        type: 2}
      propertyPath: m_Pivot.x
      value: 0
      objectReference: {fileID: 0}
    - target: {fileID: 224464305805180102, guid: 18a79223fc752154aaefc6f6000d2563,
        type: 2}
      propertyPath: m_Pivot.y
      value: 0
      objectReference: {fileID: 0}
    - target: {fileID: 114475246695744080, guid: 18a79223fc752154aaefc6f6000d2563,
        type: 2}
      propertyPath: m_OnClick.m_PersistentCalls.m_Calls.Array.data[0].m_Target
      value: 
      objectReference: {fileID: 1396157313}
    - target: {fileID: 114350057347252784, guid: 18a79223fc752154aaefc6f6000d2563,
        type: 2}
      propertyPath: m_Color.r
      value: 0
      objectReference: {fileID: 0}
    - target: {fileID: 114350057347252784, guid: 18a79223fc752154aaefc6f6000d2563,
        type: 2}
      propertyPath: m_Color.g
      value: 0
      objectReference: {fileID: 0}
    - target: {fileID: 114350057347252784, guid: 18a79223fc752154aaefc6f6000d2563,
        type: 2}
      propertyPath: m_Color.b
      value: 0
      objectReference: {fileID: 0}
    - target: {fileID: 114350057347252784, guid: 18a79223fc752154aaefc6f6000d2563,
        type: 2}
      propertyPath: m_FontData.m_FontStyle
      value: 1
      objectReference: {fileID: 0}
    - target: {fileID: 114363035411089126, guid: 18a79223fc752154aaefc6f6000d2563,
        type: 2}
      propertyPath: m_OnClick.m_PersistentCalls.m_Calls.Array.data[0].m_Mode
      value: 3
      objectReference: {fileID: 0}
    - target: {fileID: 114363035411089126, guid: 18a79223fc752154aaefc6f6000d2563,
        type: 2}
      propertyPath: m_OnClick.m_PersistentCalls.m_Calls.Array.data[0].m_CallState
      value: 2
      objectReference: {fileID: 0}
    - target: {fileID: 114363035411089126, guid: 18a79223fc752154aaefc6f6000d2563,
        type: 2}
      propertyPath: m_OnClick.m_PersistentCalls.m_Calls.Array.data[0].m_Target
      value: 
      objectReference: {fileID: 1396157313}
    - target: {fileID: 114363035411089126, guid: 18a79223fc752154aaefc6f6000d2563,
        type: 2}
      propertyPath: m_OnClick.m_PersistentCalls.m_Calls.Array.data[0].m_MethodName
      value: LoadLevel
      objectReference: {fileID: 0}
    - target: {fileID: 114363035411089126, guid: 18a79223fc752154aaefc6f6000d2563,
        type: 2}
      propertyPath: m_OnClick.m_PersistentCalls.m_Calls.Array.data[0].m_Arguments.m_ObjectArgumentAssemblyTypeName
      value: UnityEngine.Object, UnityEngine
      objectReference: {fileID: 0}
    - target: {fileID: 114350057347252784, guid: 18a79223fc752154aaefc6f6000d2563,
        type: 2}
      propertyPath: m_FontData.m_FontSize
      value: 120
      objectReference: {fileID: 0}
    - target: {fileID: 224425839417538944, guid: 18a79223fc752154aaefc6f6000d2563,
        type: 2}
      propertyPath: m_AnchoredPosition.x
      value: 0.000045776
      objectReference: {fileID: 0}
    - target: {fileID: 224425839417538944, guid: 18a79223fc752154aaefc6f6000d2563,
        type: 2}
      propertyPath: m_SizeDelta.x
      value: 1056.3
      objectReference: {fileID: 0}
    - target: {fileID: 114046785784806080, guid: 18a79223fc752154aaefc6f6000d2563,
        type: 2}
      propertyPath: m_OnClick.m_PersistentCalls.m_Calls.Array.data[0].m_Target
      value: 
      objectReference: {fileID: 1396157313}
    - target: {fileID: 114046785784806080, guid: 18a79223fc752154aaefc6f6000d2563,
        type: 2}
      propertyPath: m_OnClick.m_PersistentCalls.m_Calls.Array.data[0].m_MethodName
      value: Reload
      objectReference: {fileID: 0}
    - target: {fileID: 114046785784806080, guid: 18a79223fc752154aaefc6f6000d2563,
        type: 2}
      propertyPath: m_OnClick.m_PersistentCalls.m_Calls.Array.data[1].m_Target
      value: 
      objectReference: {fileID: 1821635265}
    - target: {fileID: 114046785784806080, guid: 18a79223fc752154aaefc6f6000d2563,
        type: 2}
      propertyPath: m_OnClick.m_PersistentCalls.m_Calls.Array.data[1].m_MethodName
      value: PlayButtonEffect
      objectReference: {fileID: 0}
    - target: {fileID: 114475246695744080, guid: 18a79223fc752154aaefc6f6000d2563,
        type: 2}
      propertyPath: m_OnClick.m_PersistentCalls.m_Calls.Array.data[1].m_Target
      value: 
      objectReference: {fileID: 1821635265}
    - target: {fileID: 114475246695744080, guid: 18a79223fc752154aaefc6f6000d2563,
        type: 2}
      propertyPath: m_OnClick.m_PersistentCalls.m_Calls.Array.data[1].m_MethodName
      value: PlayButtonEffect
      objectReference: {fileID: 0}
    - target: {fileID: 114363035411089126, guid: 18a79223fc752154aaefc6f6000d2563,
        type: 2}
      propertyPath: m_OnClick.m_PersistentCalls.m_Calls.Array.data[1].m_MethodName
      value: PlayButtonEffect
      objectReference: {fileID: 0}
    - target: {fileID: 114363035411089126, guid: 18a79223fc752154aaefc6f6000d2563,
        type: 2}
      propertyPath: m_OnClick.m_PersistentCalls.m_Calls.Array.data[1].m_Arguments.m_ObjectArgumentAssemblyTypeName
      value: UnityEngine.Object, UnityEngine
      objectReference: {fileID: 0}
    - target: {fileID: 114363035411089126, guid: 18a79223fc752154aaefc6f6000d2563,
        type: 2}
      propertyPath: m_OnClick.m_PersistentCalls.m_Calls.Array.data[1].m_Target
      value: 
      objectReference: {fileID: 1821635265}
    - target: {fileID: 114931033685532862, guid: 18a79223fc752154aaefc6f6000d2563,
        type: 2}
      propertyPath: m_OnClick.m_PersistentCalls.m_Calls.Array.data[1].m_Target
      value: 
      objectReference: {fileID: 1821635265}
    - target: {fileID: 114931033685532862, guid: 18a79223fc752154aaefc6f6000d2563,
        type: 2}
      propertyPath: m_OnClick.m_PersistentCalls.m_Calls.Array.data[1].m_MethodName
      value: PlayButtonEffect
      objectReference: {fileID: 0}
    - target: {fileID: 114931033685532862, guid: 18a79223fc752154aaefc6f6000d2563,
        type: 2}
      propertyPath: m_OnClick.m_PersistentCalls.m_Calls.Array.data[0].m_Target
      value: 
      objectReference: {fileID: 1396157313}
    - target: {fileID: 114931033685532862, guid: 18a79223fc752154aaefc6f6000d2563,
        type: 2}
      propertyPath: m_OnClick.m_PersistentCalls.m_Calls.Array.data[0].m_MethodName
      value: LoadNextScene
      objectReference: {fileID: 0}
    m_RemovedComponents: []
  m_SourcePrefab: {fileID: 100100000, guid: 18a79223fc752154aaefc6f6000d2563, type: 2}
  m_IsPrefabAsset: 0
--- !u!114 &1055070514 stripped
MonoBehaviour:
  m_CorrespondingSourceObject: {fileID: 114425740813794626, guid: 18a79223fc752154aaefc6f6000d2563,
    type: 2}
  m_PrefabInternal: {fileID: 1055070513}
  m_Script: {fileID: 708705254, guid: f70555f144d8491a825f0804e09c671c, type: 3}
--- !u!1 &1284888534
GameObject:
  m_ObjectHideFlags: 0
  m_CorrespondingSourceObject: {fileID: 1221045787817124, guid: 043bcd8ddf984c047899d887e504f30e,
    type: 2}
  m_PrefabInternal: {fileID: 0}
  serializedVersion: 6
  m_Component:
  - component: {fileID: 1284888535}
  - component: {fileID: 1284888538}
  - component: {fileID: 1284888537}
  - component: {fileID: 1284888536}
  m_Layer: 0
  m_Name: BG
  m_TagString: Untagged
  m_Icon: {fileID: 0}
  m_NavMeshLayer: 0
  m_StaticEditorFlags: 0
  m_IsActive: 1
--- !u!4 &1284888535
Transform:
  m_ObjectHideFlags: 0
  m_CorrespondingSourceObject: {fileID: 4908097447836070, guid: 043bcd8ddf984c047899d887e504f30e,
    type: 2}
  m_PrefabInternal: {fileID: 0}
  m_GameObject: {fileID: 1284888534}
  m_LocalRotation: {x: -0, y: -0, z: -0, w: 1}
  m_LocalPosition: {x: 2.8, y: 5.2, z: 10}
  m_LocalScale: {x: 56.29017, y: 32.13276, z: 32.13276}
  m_Children: []
  m_Father: {fileID: 1396157312}
  m_RootOrder: 8
  m_LocalEulerAnglesHint: {x: 0, y: 0, z: 0}
--- !u!64 &1284888536
MeshCollider:
  m_ObjectHideFlags: 0
  m_CorrespondingSourceObject: {fileID: 64485664439793250, guid: 043bcd8ddf984c047899d887e504f30e,
    type: 2}
  m_PrefabInternal: {fileID: 0}
  m_GameObject: {fileID: 1284888534}
  m_Material: {fileID: 0}
  m_IsTrigger: 0
  m_Enabled: 1
  serializedVersion: 3
  m_Convex: 0
  m_CookingOptions: 14
  m_SkinWidth: 0.01
  m_Mesh: {fileID: 10210, guid: 0000000000000000e000000000000000, type: 0}
--- !u!23 &1284888537
MeshRenderer:
  m_ObjectHideFlags: 0
  m_CorrespondingSourceObject: {fileID: 23826829151148250, guid: 043bcd8ddf984c047899d887e504f30e,
    type: 2}
  m_PrefabInternal: {fileID: 0}
  m_GameObject: {fileID: 1284888534}
  m_Enabled: 1
  m_CastShadows: 1
  m_ReceiveShadows: 1
  m_DynamicOccludee: 1
  m_MotionVectors: 1
  m_LightProbeUsage: 1
  m_ReflectionProbeUsage: 1
  m_RenderingLayerMask: 4294967295
  m_Materials:
  - {fileID: 2100000, guid: 5db3915e3b9d8c7488ffb5211bd58c0d, type: 2}
  m_StaticBatchInfo:
    firstSubMesh: 0
    subMeshCount: 0
  m_StaticBatchRoot: {fileID: 0}
  m_ProbeAnchor: {fileID: 0}
  m_LightProbeVolumeOverride: {fileID: 0}
  m_ScaleInLightmap: 1
  m_PreserveUVs: 0
  m_IgnoreNormalsForChartDetection: 0
  m_ImportantGI: 0
  m_StitchLightmapSeams: 0
  m_SelectedEditorRenderState: 3
  m_MinimumChartSize: 4
  m_AutoUVMaxDistance: 0.5
  m_AutoUVMaxAngle: 89
  m_LightmapParameters: {fileID: 0}
  m_SortingLayerID: 0
  m_SortingLayer: 0
  m_SortingOrder: 0
--- !u!33 &1284888538
MeshFilter:
  m_ObjectHideFlags: 0
  m_CorrespondingSourceObject: {fileID: 33671770376026604, guid: 043bcd8ddf984c047899d887e504f30e,
    type: 2}
  m_PrefabInternal: {fileID: 0}
  m_GameObject: {fileID: 1284888534}
  m_Mesh: {fileID: 10210, guid: 0000000000000000e000000000000000, type: 0}
--- !u!1 &1301189908
GameObject:
  m_ObjectHideFlags: 0
  m_CorrespondingSourceObject: {fileID: 1067969394562696, guid: 043bcd8ddf984c047899d887e504f30e,
    type: 2}
  m_PrefabInternal: {fileID: 0}
  serializedVersion: 6
  m_Component:
  - component: {fileID: 1301189909}
  - component: {fileID: 1301189911}
  - component: {fileID: 1301189910}
  m_Layer: 0
  m_Name: falldetector3
  m_TagString: Untagged
  m_Icon: {fileID: 0}
  m_NavMeshLayer: 0
  m_StaticEditorFlags: 0
  m_IsActive: 1
--- !u!4 &1301189909
Transform:
  m_ObjectHideFlags: 0
  m_CorrespondingSourceObject: {fileID: 4732106101918356, guid: 043bcd8ddf984c047899d887e504f30e,
    type: 2}
  m_PrefabInternal: {fileID: 0}
  m_GameObject: {fileID: 1301189908}
  m_LocalRotation: {x: -0, y: -0, z: 0.7071068, w: 0.7071068}
  m_LocalPosition: {x: 32.46, y: 2.41, z: 0}
  m_LocalScale: {x: 32, y: 1, z: 40}
  m_Children: []
  m_Father: {fileID: 1396157312}
  m_RootOrder: 7
  m_LocalEulerAnglesHint: {x: 0, y: 0, z: 90}
--- !u!114 &1301189910
MonoBehaviour:
  m_ObjectHideFlags: 0
  m_CorrespondingSourceObject: {fileID: 114055878530744660, guid: 043bcd8ddf984c047899d887e504f30e,
    type: 2}
  m_PrefabInternal: {fileID: 0}
  m_GameObject: {fileID: 1301189908}
  m_Enabled: 1
  m_EditorHideFlags: 0
  m_Script: {fileID: 11500000, guid: 4e2a061606d56ac489cb29f10f2c368e, type: 3}
  m_Name: 
  m_EditorClassIdentifier: 
--- !u!65 &1301189911
BoxCollider:
  m_ObjectHideFlags: 0
  m_CorrespondingSourceObject: {fileID: 65200367308368224, guid: 043bcd8ddf984c047899d887e504f30e,
    type: 2}
  m_PrefabInternal: {fileID: 0}
  m_GameObject: {fileID: 1301189908}
  m_Material: {fileID: 0}
  m_IsTrigger: 0
  m_Enabled: 1
  serializedVersion: 2
  m_Size: {x: 1, y: 1, z: 1}
  m_Center: {x: 0, y: 0, z: 0}
--- !u!1001 &1312006794
Prefab:
  m_ObjectHideFlags: 0
  serializedVersion: 2
  m_Modification:
    m_TransformParent: {fileID: 1367607466}
    m_Modifications:
    - target: {fileID: 4966745485185892, guid: 3753e633c6fcaef41843e5f0d23dc3a2, type: 2}
      propertyPath: m_LocalPosition.x
      value: 2.48
      objectReference: {fileID: 0}
    - target: {fileID: 4966745485185892, guid: 3753e633c6fcaef41843e5f0d23dc3a2, type: 2}
      propertyPath: m_LocalPosition.y
      value: -0.45
      objectReference: {fileID: 0}
    - target: {fileID: 4966745485185892, guid: 3753e633c6fcaef41843e5f0d23dc3a2, type: 2}
      propertyPath: m_LocalPosition.z
      value: 0
      objectReference: {fileID: 0}
    - target: {fileID: 4966745485185892, guid: 3753e633c6fcaef41843e5f0d23dc3a2, type: 2}
      propertyPath: m_LocalRotation.x
      value: -0
      objectReference: {fileID: 0}
    - target: {fileID: 4966745485185892, guid: 3753e633c6fcaef41843e5f0d23dc3a2, type: 2}
      propertyPath: m_LocalRotation.y
      value: -0
      objectReference: {fileID: 0}
    - target: {fileID: 4966745485185892, guid: 3753e633c6fcaef41843e5f0d23dc3a2, type: 2}
      propertyPath: m_LocalRotation.z
      value: 0.32760262
      objectReference: {fileID: 0}
    - target: {fileID: 4966745485185892, guid: 3753e633c6fcaef41843e5f0d23dc3a2, type: 2}
      propertyPath: m_LocalRotation.w
      value: 0.94481564
      objectReference: {fileID: 0}
    - target: {fileID: 4966745485185892, guid: 3753e633c6fcaef41843e5f0d23dc3a2, type: 2}
      propertyPath: m_RootOrder
      value: 3
      objectReference: {fileID: 0}
    - target: {fileID: 114089717372007734, guid: 3753e633c6fcaef41843e5f0d23dc3a2,
        type: 2}
      propertyPath: rateOfRotation
      value: 100
      objectReference: {fileID: 0}
    - target: {fileID: 114089717372007734, guid: 3753e633c6fcaef41843e5f0d23dc3a2,
        type: 2}
      propertyPath: boundLow
      value: -90
      objectReference: {fileID: 0}
    - target: {fileID: 114089717372007734, guid: 3753e633c6fcaef41843e5f0d23dc3a2,
        type: 2}
      propertyPath: boundHigh
      value: 90
      objectReference: {fileID: 0}
    - target: {fileID: 4966745485185892, guid: 3753e633c6fcaef41843e5f0d23dc3a2, type: 2}
      propertyPath: m_LocalEulerAnglesHint.y
      value: 0
      objectReference: {fileID: 0}
    - target: {fileID: 4966745485185892, guid: 3753e633c6fcaef41843e5f0d23dc3a2, type: 2}
      propertyPath: m_LocalEulerAnglesHint.x
      value: 0
      objectReference: {fileID: 0}
    - target: {fileID: 4966745485185892, guid: 3753e633c6fcaef41843e5f0d23dc3a2, type: 2}
      propertyPath: m_LocalEulerAnglesHint.z
      value: 38.247
      objectReference: {fileID: 0}
    - target: {fileID: 4823490762130668, guid: 3753e633c6fcaef41843e5f0d23dc3a2, type: 2}
      propertyPath: m_LocalScale.x
      value: 1.6924472
      objectReference: {fileID: 0}
    - target: {fileID: 4823490762130668, guid: 3753e633c6fcaef41843e5f0d23dc3a2, type: 2}
      propertyPath: m_LocalPosition.x
      value: 0.69
      objectReference: {fileID: 0}
    - target: {fileID: 4966745485185892, guid: 3753e633c6fcaef41843e5f0d23dc3a2, type: 2}
      propertyPath: m_LocalScale.x
      value: 1.7875009
      objectReference: {fileID: 0}
    - target: {fileID: 4966745485185892, guid: 3753e633c6fcaef41843e5f0d23dc3a2, type: 2}
      propertyPath: m_LocalScale.y
      value: 1.0000005
      objectReference: {fileID: 0}
    - target: {fileID: 1682938369674252, guid: 3753e633c6fcaef41843e5f0d23dc3a2, type: 2}
      propertyPath: m_Name
      value: clockwork (1)
      objectReference: {fileID: 0}
    - target: {fileID: 4823490762130668, guid: 3753e633c6fcaef41843e5f0d23dc3a2, type: 2}
      propertyPath: m_LocalPosition.y
      value: 0
      objectReference: {fileID: 0}
    m_RemovedComponents: []
  m_SourcePrefab: {fileID: 100100000, guid: 3753e633c6fcaef41843e5f0d23dc3a2, type: 2}
  m_IsPrefabAsset: 0
--- !u!4 &1312006795 stripped
Transform:
  m_CorrespondingSourceObject: {fileID: 4966745485185892, guid: 3753e633c6fcaef41843e5f0d23dc3a2,
    type: 2}
  m_PrefabInternal: {fileID: 1312006794}
--- !u!1 &1367607465
GameObject:
  m_ObjectHideFlags: 0
  m_CorrespondingSourceObject: {fileID: 0}
  m_PrefabInternal: {fileID: 0}
  serializedVersion: 6
  m_Component:
  - component: {fileID: 1367607466}
  m_Layer: 0
  m_Name: Plats
  m_TagString: Untagged
  m_Icon: {fileID: 0}
  m_NavMeshLayer: 0
  m_StaticEditorFlags: 0
  m_IsActive: 1
--- !u!4 &1367607466
Transform:
  m_ObjectHideFlags: 0
  m_CorrespondingSourceObject: {fileID: 0}
  m_PrefabInternal: {fileID: 0}
  m_GameObject: {fileID: 1367607465}
  m_LocalRotation: {x: -0, y: -0, z: -0, w: 1}
  m_LocalPosition: {x: -1.5604084, y: 4.12333, z: 0.059981525}
  m_LocalScale: {x: 1, y: 1, z: 1}
  m_Children:
  - {fileID: 2022166851}
  - {fileID: 1591069836}
  - {fileID: 1479731913}
  - {fileID: 1312006795}
  m_Father: {fileID: 1396157312}
  m_RootOrder: 2
  m_LocalEulerAnglesHint: {x: 0, y: 0, z: 0}
--- !u!4 &1396157312
Transform:
  m_ObjectHideFlags: 0
  m_CorrespondingSourceObject: {fileID: 4720332531154700, guid: 043bcd8ddf984c047899d887e504f30e,
    type: 2}
  m_PrefabInternal: {fileID: 0}
  m_GameObject: {fileID: 8619306}
  m_LocalRotation: {x: 0, y: 0, z: 0, w: 1}
  m_LocalPosition: {x: 1.5604084, y: -4.12333, z: -0.059981525}
  m_LocalScale: {x: 1, y: 1, z: 1}
  m_Children:
  - {fileID: 812890867}
  - {fileID: 1633724470}
  - {fileID: 1367607466}
  - {fileID: 181276471}
  - {fileID: 939023944}
  - {fileID: 1645461609}
  - {fileID: 891605751}
  - {fileID: 1301189909}
  - {fileID: 1284888535}
  m_Father: {fileID: 0}
  m_RootOrder: 1
  m_LocalEulerAnglesHint: {x: 0, y: 0, z: 0}
--- !u!114 &1396157313
MonoBehaviour:
  m_ObjectHideFlags: 0
  m_CorrespondingSourceObject: {fileID: 114373251852720172, guid: 043bcd8ddf984c047899d887e504f30e,
    type: 2}
  m_PrefabInternal: {fileID: 0}
  m_GameObject: {fileID: 8619306}
  m_Enabled: 1
  m_EditorHideFlags: 0
  m_Script: {fileID: 11500000, guid: b7f838c98098ac34e9caa1478da8a41a, type: 3}
  m_Name: 
  m_EditorClassIdentifier: 
  wintext: {fileID: 651237336}
  countText: {fileID: 728678393}
  levelNum: {fileID: 1055070514}
  delay: 3
  winning: {fileID: 8300000, guid: 3d17b361f33112f4db0c59f7d126f934, type: 3}
--- !u!1 &1402808000
GameObject:
  m_ObjectHideFlags: 0
  m_CorrespondingSourceObject: {fileID: 0}
  m_PrefabInternal: {fileID: 0}
  serializedVersion: 6
  m_Component:
  - component: {fileID: 1402808003}
  - component: {fileID: 1402808002}
  - component: {fileID: 1402808001}
  m_Layer: 0
  m_Name: TweakerCamera
  m_TagString: Untagged
  m_Icon: {fileID: 0}
  m_NavMeshLayer: 0
  m_StaticEditorFlags: 0
  m_IsActive: 1
--- !u!81 &1402808001
AudioListener:
  m_ObjectHideFlags: 0
  m_CorrespondingSourceObject: {fileID: 0}
  m_PrefabInternal: {fileID: 0}
  m_GameObject: {fileID: 1402808000}
  m_Enabled: 0
--- !u!20 &1402808002
Camera:
  m_ObjectHideFlags: 0
  m_CorrespondingSourceObject: {fileID: 0}
  m_PrefabInternal: {fileID: 0}
  m_GameObject: {fileID: 1402808000}
  m_Enabled: 1
  serializedVersion: 2
  m_ClearFlags: 2
  m_BackGroundColor: {r: 0.32640618, g: 0.4245283, b: 0.36845854, a: 0}
  m_projectionMatrixMode: 1
  m_SensorSize: {x: 36, y: 24}
  m_LensShift: {x: 0, y: 0}
  m_FocalLength: 50
  m_NormalizedViewPortRect:
    serializedVersion: 2
    x: 0
    y: 0
    width: 0.2
    height: 1
  near clip plane: 0.3
  far clip plane: 1000
  field of view: 43.1076
  orthographic: 0
  orthographic size: 5
  m_Depth: 0
  m_CullingMask:
    serializedVersion: 2
    m_Bits: 4294967295
  m_RenderingPath: -1
  m_TargetTexture: {fileID: 0}
  m_TargetDisplay: 0
  m_TargetEye: 3
  m_HDR: 1
  m_AllowMSAA: 1
  m_AllowDynamicResolution: 0
  m_ForceIntoRT: 0
  m_OcclusionCulling: 1
  m_StereoConvergence: 10
  m_StereoSeparation: 0.022
--- !u!4 &1402808003
Transform:
  m_ObjectHideFlags: 0
  m_CorrespondingSourceObject: {fileID: 0}
  m_PrefabInternal: {fileID: 0}
  m_GameObject: {fileID: 1402808000}
  m_LocalRotation: {x: -0, y: -0, z: -0, w: 1}
  m_LocalPosition: {x: -1000, y: 0, z: -20}
  m_LocalScale: {x: 1, y: 1, z: 1}
  m_Children: []
  m_Father: {fileID: 0}
  m_RootOrder: 4
  m_LocalEulerAnglesHint: {x: 0, y: 0, z: 0}
--- !u!1 &1479731912 stripped
GameObject:
  m_CorrespondingSourceObject: {fileID: 1682938369674252, guid: 3753e633c6fcaef41843e5f0d23dc3a2,
    type: 2}
  m_PrefabInternal: {fileID: 484408266}
--- !u!4 &1479731913 stripped
Transform:
  m_CorrespondingSourceObject: {fileID: 4966745485185892, guid: 3753e633c6fcaef41843e5f0d23dc3a2,
    type: 2}
  m_PrefabInternal: {fileID: 484408266}
--- !u!1 &1591069835
GameObject:
  m_ObjectHideFlags: 0
  m_CorrespondingSourceObject: {fileID: 0}
  m_PrefabInternal: {fileID: 0}
  serializedVersion: 6
  m_Component:
  - component: {fileID: 1591069836}
  - component: {fileID: 1591069839}
  - component: {fileID: 1591069838}
  - component: {fileID: 1591069837}
  m_Layer: 0
  m_Name: plat (1)
  m_TagString: Untagged
  m_Icon: {fileID: 0}
  m_NavMeshLayer: 0
  m_StaticEditorFlags: 0
  m_IsActive: 1
--- !u!4 &1591069836
Transform:
  m_ObjectHideFlags: 0
  m_CorrespondingSourceObject: {fileID: 0}
  m_PrefabInternal: {fileID: 0}
  m_GameObject: {fileID: 1591069835}
  m_LocalRotation: {x: -0, y: -0, z: 0.25974527, w: 0.9656772}
  m_LocalPosition: {x: 9.26, y: -1.06, z: 0}
  m_LocalScale: {x: 15.9972, y: 0.4, z: 2}
  m_Children: []
  m_Father: {fileID: 1367607466}
  m_RootOrder: 1
  m_LocalEulerAnglesHint: {x: 0, y: 0, z: 30.11}
--- !u!65 &1591069837
BoxCollider:
  m_ObjectHideFlags: 0
  m_CorrespondingSourceObject: {fileID: 0}
  m_PrefabInternal: {fileID: 0}
  m_GameObject: {fileID: 1591069835}
  m_Material: {fileID: 0}
  m_IsTrigger: 0
  m_Enabled: 1
  serializedVersion: 2
  m_Size: {x: 1, y: 1, z: 1}
  m_Center: {x: 0, y: 0, z: 0}
--- !u!23 &1591069838
MeshRenderer:
  m_ObjectHideFlags: 0
  m_CorrespondingSourceObject: {fileID: 0}
  m_PrefabInternal: {fileID: 0}
  m_GameObject: {fileID: 1591069835}
  m_Enabled: 1
  m_CastShadows: 1
  m_ReceiveShadows: 1
  m_DynamicOccludee: 1
  m_MotionVectors: 1
  m_LightProbeUsage: 1
  m_ReflectionProbeUsage: 1
  m_RenderingLayerMask: 4294967295
  m_Materials:
  - {fileID: 2100000, guid: 3fd545d782ced9a4489bb4df2ca0a83c, type: 2}
  m_StaticBatchInfo:
    firstSubMesh: 0
    subMeshCount: 0
  m_StaticBatchRoot: {fileID: 0}
  m_ProbeAnchor: {fileID: 0}
  m_LightProbeVolumeOverride: {fileID: 0}
  m_ScaleInLightmap: 1
  m_PreserveUVs: 0
  m_IgnoreNormalsForChartDetection: 0
  m_ImportantGI: 0
  m_StitchLightmapSeams: 0
  m_SelectedEditorRenderState: 3
  m_MinimumChartSize: 4
  m_AutoUVMaxDistance: 0.5
  m_AutoUVMaxAngle: 89
  m_LightmapParameters: {fileID: 0}
  m_SortingLayerID: 0
  m_SortingLayer: 0
  m_SortingOrder: 0
--- !u!33 &1591069839
MeshFilter:
  m_ObjectHideFlags: 0
  m_CorrespondingSourceObject: {fileID: 0}
  m_PrefabInternal: {fileID: 0}
  m_GameObject: {fileID: 1591069835}
  m_Mesh: {fileID: 10202, guid: 0000000000000000e000000000000000, type: 0}
--- !u!1 &1633724469
GameObject:
  m_ObjectHideFlags: 0
  m_CorrespondingSourceObject: {fileID: 0}
  m_PrefabInternal: {fileID: 0}
  serializedVersion: 6
  m_Component:
  - component: {fileID: 1633724470}
  m_Layer: 0
  m_Name: Control pedals
  m_TagString: Untagged
  m_Icon: {fileID: 0}
  m_NavMeshLayer: 0
  m_StaticEditorFlags: 0
  m_IsActive: 1
--- !u!4 &1633724470
Transform:
  m_ObjectHideFlags: 0
  m_CorrespondingSourceObject: {fileID: 0}
  m_PrefabInternal: {fileID: 0}
  m_GameObject: {fileID: 1633724469}
  m_LocalRotation: {x: -0, y: -0, z: -0, w: 1}
  m_LocalPosition: {x: -1001.5604, y: 4.12333, z: 0.059981525}
  m_LocalScale: {x: 1, y: 1, z: 1}
  m_Children:
  - {fileID: 44652030}
  - {fileID: 508445558}
  m_Father: {fileID: 1396157312}
  m_RootOrder: 1
  m_LocalEulerAnglesHint: {x: 0, y: 0, z: 0}
--- !u!1 &1645461608
GameObject:
  m_ObjectHideFlags: 0
  m_CorrespondingSourceObject: {fileID: 1965075853912970, guid: 043bcd8ddf984c047899d887e504f30e,
    type: 2}
  m_PrefabInternal: {fileID: 0}
  serializedVersion: 6
  m_Component:
  - component: {fileID: 1645461609}
  - component: {fileID: 1645461611}
  - component: {fileID: 1645461610}
  m_Layer: 0
  m_Name: falldetector1
  m_TagString: Untagged
  m_Icon: {fileID: 0}
  m_NavMeshLayer: 0
  m_StaticEditorFlags: 0
  m_IsActive: 1
--- !u!4 &1645461609
Transform:
  m_ObjectHideFlags: 0
  m_CorrespondingSourceObject: {fileID: 4487598736433356, guid: 043bcd8ddf984c047899d887e504f30e,
    type: 2}
  m_PrefabInternal: {fileID: 0}
  m_GameObject: {fileID: 1645461608}
  m_LocalRotation: {x: -0, y: -0, z: -0, w: 1}
  m_LocalPosition: {x: 3.77, y: 17.92, z: 0}
  m_LocalScale: {x: 60, y: 1, z: 40}
  m_Children: []
  m_Father: {fileID: 1396157312}
  m_RootOrder: 5
  m_LocalEulerAnglesHint: {x: 0, y: 0, z: 0}
--- !u!114 &1645461610
MonoBehaviour:
  m_ObjectHideFlags: 0
  m_CorrespondingSourceObject: {fileID: 114255551970809142, guid: 043bcd8ddf984c047899d887e504f30e,
    type: 2}
  m_PrefabInternal: {fileID: 0}
  m_GameObject: {fileID: 1645461608}
  m_Enabled: 1
  m_EditorHideFlags: 0
  m_Script: {fileID: 11500000, guid: 4e2a061606d56ac489cb29f10f2c368e, type: 3}
  m_Name: 
  m_EditorClassIdentifier: 
--- !u!65 &1645461611
BoxCollider:
  m_ObjectHideFlags: 0
  m_CorrespondingSourceObject: {fileID: 65242192785180068, guid: 043bcd8ddf984c047899d887e504f30e,
    type: 2}
  m_PrefabInternal: {fileID: 0}
  m_GameObject: {fileID: 1645461608}
  m_Material: {fileID: 0}
  m_IsTrigger: 0
  m_Enabled: 1
  serializedVersion: 2
  m_Size: {x: 1, y: 1, z: 1}
  m_Center: {x: 0, y: 0, z: 0}
--- !u!1001 &1821635264
Prefab:
  m_ObjectHideFlags: 0
  serializedVersion: 2
  m_Modification:
    m_TransformParent: {fileID: 0}
    m_Modifications:
    - target: {fileID: 4287107201799690, guid: 2b002860ade510c4ebfa95c5b005afee, type: 2}
      propertyPath: m_LocalPosition.x
      value: 1.41
      objectReference: {fileID: 0}
    - target: {fileID: 4287107201799690, guid: 2b002860ade510c4ebfa95c5b005afee, type: 2}
      propertyPath: m_LocalPosition.y
      value: 1
      objectReference: {fileID: 0}
    - target: {fileID: 4287107201799690, guid: 2b002860ade510c4ebfa95c5b005afee, type: 2}
      propertyPath: m_LocalPosition.z
      value: -15
      objectReference: {fileID: 0}
    - target: {fileID: 4287107201799690, guid: 2b002860ade510c4ebfa95c5b005afee, type: 2}
      propertyPath: m_LocalRotation.x
      value: 0
      objectReference: {fileID: 0}
    - target: {fileID: 4287107201799690, guid: 2b002860ade510c4ebfa95c5b005afee, type: 2}
      propertyPath: m_LocalRotation.y
      value: 0
      objectReference: {fileID: 0}
    - target: {fileID: 4287107201799690, guid: 2b002860ade510c4ebfa95c5b005afee, type: 2}
      propertyPath: m_LocalRotation.z
      value: 0
      objectReference: {fileID: 0}
    - target: {fileID: 4287107201799690, guid: 2b002860ade510c4ebfa95c5b005afee, type: 2}
      propertyPath: m_LocalRotation.w
      value: 1
      objectReference: {fileID: 0}
    - target: {fileID: 4287107201799690, guid: 2b002860ade510c4ebfa95c5b005afee, type: 2}
      propertyPath: m_RootOrder
      value: 5
      objectReference: {fileID: 0}
    m_RemovedComponents: []
  m_SourcePrefab: {fileID: 100100000, guid: 2b002860ade510c4ebfa95c5b005afee, type: 2}
  m_IsPrefabAsset: 0
--- !u!114 &1821635265 stripped
MonoBehaviour:
  m_CorrespondingSourceObject: {fileID: 114601847071798732, guid: 2b002860ade510c4ebfa95c5b005afee,
    type: 2}
  m_PrefabInternal: {fileID: 1821635264}
  m_Script: {fileID: 11500000, guid: 0d5a527d85685d64ea1e19fb378375a8, type: 3}
--- !u!1 &2022166850
GameObject:
  m_ObjectHideFlags: 0
  m_CorrespondingSourceObject: {fileID: 0}
  m_PrefabInternal: {fileID: 0}
  serializedVersion: 6
  m_Component:
  - component: {fileID: 2022166851}
  - component: {fileID: 2022166854}
  - component: {fileID: 2022166853}
  - component: {fileID: 2022166852}
  m_Layer: 0
  m_Name: plat
  m_TagString: Untagged
  m_Icon: {fileID: 0}
  m_NavMeshLayer: 0
  m_StaticEditorFlags: 0
  m_IsActive: 1
--- !u!4 &2022166851
Transform:
  m_ObjectHideFlags: 0
  m_CorrespondingSourceObject: {fileID: 0}
  m_PrefabInternal: {fileID: 0}
  m_GameObject: {fileID: 2022166850}
  m_LocalRotation: {x: -0, y: -0, z: -0.20825525, w: 0.97807455}
  m_LocalPosition: {x: -0.24, y: 0.77, z: 0}
  m_LocalScale: {x: 5, y: 0.4, z: 2}
  m_Children: []
  m_Father: {fileID: 1367607466}
  m_RootOrder: 0
  m_LocalEulerAnglesHint: {x: 0, y: 0, z: -24.04}
--- !u!65 &2022166852
BoxCollider:
  m_ObjectHideFlags: 0
  m_CorrespondingSourceObject: {fileID: 0}
  m_PrefabInternal: {fileID: 0}
  m_GameObject: {fileID: 2022166850}
  m_Material: {fileID: 0}
  m_IsTrigger: 0
  m_Enabled: 1
  serializedVersion: 2
  m_Size: {x: 1, y: 1, z: 1}
  m_Center: {x: 0, y: 0, z: 0}
--- !u!23 &2022166853
MeshRenderer:
  m_ObjectHideFlags: 0
  m_CorrespondingSourceObject: {fileID: 0}
  m_PrefabInternal: {fileID: 0}
  m_GameObject: {fileID: 2022166850}
  m_Enabled: 1
  m_CastShadows: 1
  m_ReceiveShadows: 1
  m_DynamicOccludee: 1
  m_MotionVectors: 1
  m_LightProbeUsage: 1
  m_ReflectionProbeUsage: 1
  m_RenderingLayerMask: 4294967295
  m_Materials:
  - {fileID: 2100000, guid: 3fd545d782ced9a4489bb4df2ca0a83c, type: 2}
  m_StaticBatchInfo:
    firstSubMesh: 0
    subMeshCount: 0
  m_StaticBatchRoot: {fileID: 0}
  m_ProbeAnchor: {fileID: 0}
  m_LightProbeVolumeOverride: {fileID: 0}
  m_ScaleInLightmap: 1
  m_PreserveUVs: 0
  m_IgnoreNormalsForChartDetection: 0
  m_ImportantGI: 0
  m_StitchLightmapSeams: 0
  m_SelectedEditorRenderState: 3
  m_MinimumChartSize: 4
  m_AutoUVMaxDistance: 0.5
  m_AutoUVMaxAngle: 89
  m_LightmapParameters: {fileID: 0}
  m_SortingLayerID: 0
  m_SortingLayer: 0
  m_SortingOrder: 0
--- !u!33 &2022166854
MeshFilter:
  m_ObjectHideFlags: 0
  m_CorrespondingSourceObject: {fileID: 0}
  m_PrefabInternal: {fileID: 0}
  m_GameObject: {fileID: 2022166850}
  m_Mesh: {fileID: 10202, guid: 0000000000000000e000000000000000, type: 0}
